2931 3772
484 333 486 335 V
542 332 719 436 Epist.
753 340 866 416 crit.
943 363 1158 445 Theocr.
1196 357 1364 413 Id.'H.
1402 369 1483 414 82.
1510 367 1592 414 85.
1614 370 1697 416 88.
1732 370 1842 417 125.
2060 368 2121 415 13

258 491 408 549 quod,
445 488 561 534 licet
592 504 683 533 non
714 492 900 533 omnino
933 490 1281 542 necessarium,
1334 487 1433 531 tale
1465 491 1627 533 tamen
1671 492 1744 531 e'st
1764 517 1777 541 ,
1828 492 1880 531 ut
1915 501 1941 530 a
1977 491 2117 545 poeta

256 569 521 626 profectum
548 566 707 621 malis,
742 580 881 623 quam
918 565 1187 628 vulgatum..
1244 558 1611 609 Commendatur
1645 566 1727 617 iis,
1764 579 1883 620 quae
1919 578 2117 621 sequun-

249 651 360 700 tur,
395 650 448 689 ut
482 639 672 691 ἔτάκετο
693 672 707 697 ,
745 658 790 686 v-.
809 641 884 687 83.
920 647 969 686 et
1000 636 1189 701 καπυρὰ
1219 638 1365 697 νέα-ος,
1401 655 1448 682 v.
1471 639 1552 685 85.
1587 646 1637 684 et
1669 641 1792 696 quod
1823 641 1898 684 Id.
1920 645 1997 683 ΙΙΙ.
2041 656 2114 701 ¹7·

252 716 732 779 κατασμῦχων--·
765 716 925 766 ἰάπτει
963 719 1155 771 dicitur,
1194 718 1319 759 male
1360 716 1608 760 aBrunckio
1641 723 1897 760 tentatum.
1962 721 2117 773 Atque

252 802 318 841 ita
337 798 479 843 Ursini
512 782 680 848 lectio,v
708 790 1143 855 wee230u3c²0219m
1178 798 1215 837 si
1236 795 1407 838 Codice
1443 798 1629 848 nititur,
1667 798 1932 837 contineret
1966 795 2117 850 expli-

182 875 185 879 ’
251 878 486 921 cationem
523 877 732 914 nostrae.
819 873 983 914 Obiter
1023 885 1228 924 moneo,
1281 887 1324 915 v,
1360 870 1440 915 85.
1495 871 1611 913 mihi
1661 871 2013 927 praeferendum
2050 873 2115 914 vi-

250 951 352 993 deri
393 946 507 1011 ἐξά
527 958 559 994 λ
578 953 660 994 λὰ
678 945 705 1009 ξ
724 968 743 993 ε
761 965 794 993 ν.
862 950 1053 989 Homeri
1087 952 1218 989 certe
1253 952 1506 990 auctoritas
1541 948 1598 990 ad
1632 948 1983 990 defendendum·
2006 944 2115 1006 ἕξοι-

247 1022 461 1088 λάπαέεν
496 1026 584 1067 hoc
617 1019 740 1066 nex⁸u
772 1039 862 1093 non
901 1025 1034 1066 facit:
1070 1039 1172 1065 nam
1191 1024 1314 1065 aliud
1341 1031 1413 1066 est
1439 1020 1742 1085 ἐξαλαπάξαι
1761 1026 1952 1077 urbem,
1989 1025 2113 1065 aliud

245 1104 444 1145 formam
480 1102 750 1143 humanam.
835 1102 1021 1155 Optime
1057 1115 1171 1142 vero
1222 1115 1326 1143 cum
1365 1096 1625 1162 ἐξάλλαξεν
1671 1100 1934 1153 cohaeret,
1987 1101 2111 1156 quod

244 1190 352 1241 mox
387 1182 594 1236 sequitur
627 1193 673 1219 v.
706 1176 786 1221 88.

505 1269 588 1315 ,καί
616 1287 697 1326 μευ
736 1261 863 1326 χξῶς
897 1265 972 1324 μέν
1005 1265 1143 1327 ὅμοῒᾱς
1175 1268 1344 1323 ἐγένετο
1378 1264 1580 1314 πολλάκι
1612 1266 1789 1327 θάψω,

240 1364 314 1403 lta
349 1373 531 1402 versum
564 1360 710 1401 edidit
741 1357 780 1400 V
782 1359 1028 1414 alkenariu53
1064 1360 1186 1415 apud
1221 1357 1422 1411 Reisktsum
1457 1365 1528 1402 est
1560 1358 1740 1416 ‚9023110233
1790 1363 1834 1401 in
1867 1359 1942 1401 ed.
1981 1359 2109 1402 Oxo-

241 1440 384 1478 niensi
416 1432 632 1501 &41115103
683 1436 805 1492 apud
844 1434 1009 1479 Harles.
1046 1437 1244 1491 denique
1278 1434 1484 1497 Θαψᾲἷ.
1551 1439 1792 1480 Genitivus
1830 1441 1935 1493 post
1967 1437 2109 1493 ὁμοῖος

240 1514 332 1555 dici
367 1517 577 1569 poterit,
619 1518 669 1554 ut
702 1517 809 1567 post
840 1510 958 1564 ἴσος,
1013 1517 1093 1564 et,
1146 1516 1182 1553 si
1216 1514 1502 1554 credendum
1538 1519 1610 1555 est
1640 1513 1858 1555 Schradcro
1893 1514 1951 1554 ad
1985 1518 2102 1556 Mus.

240 1604 284 1645 p.
319 1589 401 1644 45.
436 1604 508 1644 sq·
545 1593 649 1644 post
682 1586 847 1642 ἴκελτς,
899 1589 1026 1642 cujus
1076 1593 1233 1630 tamen
1287 1588 1504 1643 exempla
1554 1603 1578 1630 e
1615 1592 1778 1630 Nonno
1823 1589 1967 1630 allata
2015 1602 2103 1630 non

240 1680 421 1708 omnem
453 1666 590 1707 fidem
627 1670 875 1706 merentur.
942 1665 1100 1705 Malim
1129 1668 1242 1706 etin
1269 1669 1427 1706 nostro
1446 1664 1551 1707 loco
1570 1665 1710 1708 dativ.
1732 1662 1900 1726 θάψῳ.
1968 1670 2103 1708 Prae·

237 1738 476 1783 tereame
511 1756 599 1783 non
633 1740 746 1781 nihil
777 1745 966 1795 torquet
1001 1741 1105 1780 adv-
1132 1736 1348 1785 πολλάκι.
1420 1744 1660 1795 Proprium
1696 1741 1784 1783 hoc
1817 1744 2007 1794 fuisset,
2061 1745 2099 1783 si

237 1818 291 1859 de
319 1818 490 1859 crebris
523 1817 715 1871 palloris
754 1830 854 1858 cum
890 1816 1056 1857 rubore
1091 1816 1503 1870 permutationibus
1531 1816 1667 1872 ‘loqui
1690 1818 1938 1860 voluisset:
1975 1818 2099 1873 quod

233 1899 392 1938 tamen
428 1893 722 1946 sequentibus
755 1896 902 1933 minus
922 1883 1168 1937 convenit.
1238 1897 1272 1935 E
1306 1906 1442 1934 versu
1484 1905 1587 1934 ιιο.

500 1978 673 2036 ἔποίγην
709 1975 862 2038 savz&
894 1975 1029 2026 κοιλδν
1066 1979 1190 2041 χρία
1223 1979 1452 2029 πάντοθεν
1482 1977 1579 2028 ἶσοι·

232 2075 328 2128 peti
363 2072 556 2113 fortasse
590 2077 777 2126 posset:
843 2069 1063 2126 ἑμοῖος-
1088 2069 1359 2120 mistro-‘31
1397 2070 1563 2132 θάψῳ.
1632 2076 1675 2114 Si
1717 2076 1763 2114 in
1797 2077 1961 2117 Nonno
1996 2089 2098 2117 ver-

233 2164 388 2204 sarer,
427 2149 628 2209 legerem
649 2143 921 2196 ’πενθάδι
959 2145 1133 2214 θάψῳς
1167 2149 1241 2192 hic
1276 2150 1469 2192 fortasse
1505 2147 1782 2191 reconditius
1816 2151 2095 2194 vocabulum

232 2216 407 2270 subest.
476 2227 625 2280 Quid?
658 2229 696 2268 si
728 2226 880 2269 dedit:
910 2221 1180 2274 ,πελλάδι
1214 2224 1396 2289 ἓάψῳς
1430 2231 1573 2278 certe,
1609 2228 1646 2267 si
1679 2223 1863 2273 ἆιελλοὶς
1897 2229 2092 2283 dictum,

230 2306 278 2346 id
312 2308 375 2347 uti
397 2299 593 2356 πελλές,
629 2300 808 2354 πελιὸς,
844 2297 1067 2355 πελιὸνές,
1105 2309 1155 2346 et
1173 2305 1365 2346 verbum
1385 2299 1677 2359 mnatre-&oq
1712 2304 1769 2346 de
1801 2304 1953 2348 lurido
1980 2320 2093 2361 quo-

229 2383 335 2423 dam
369 2381 548 2437 pailore
582 2382 727 2434 accipi
759 2382 949 2435 poterit.
1012 2379 1247 2423 Cohaeret
1294 2383 1415 2422 enim
1465 2384 1562 2422 sine
1608 2380 1747 2422 dubio
1789 2396 1879 2423 non
1913 2387 2093 2424 tantum

227 2462 321 2499 Lat.
341 2460 493 2512 pullus,
529 2456 612 2498 sed
642 2458 810 2510 pallidus
847 2470 1047 2515 quoque.
1116 2457 1313 2500 Videtur
1345 2460 1636 2512 conjecturae
1662 2469 1752 2497 non
1785 2456 1899 2498 nihil
1930 2457 2091 2503 favere
2157 2505 2161 2516 ¹

228 2547 372 2574 nexus
406 2533 486 2573 ille
518 2535 636 2573 inter
667 2526 744 2580 τὴν
776 2529 967 2592 &afflant
1001 2537 1050 2574 et
1082 2526 1147 2577 τοὶ
1187 2526 1404 2584 ὑπώπια,
1451 2531 1646 2576 fortasse
1697 2536 1745 2572 et
1793 2532 1853 2573 ad
1884 2534 2091 2577 colorem

227 2614 480 2665 pertinens.
548 2608 650 2651 vid.
672 2607 821 2650 Schol.
855 2609 912 2649 ad
936 2608 981 2649 h.
1002 2608 1032 2648 1.
1069 2623 1094 2648 a
1115 2605 1278 2663 Toupio
1312 2608 1636 2660 emendatum,
1671 2613 1720 2649 et
1735 2608 2010 2653 Schneiderum
2046 2615 2093 2652 in

223 2691 330 2730 Lex.
367 2700 407 2727 s.
445 2678 658 2730 ὑπώπιον.
729 2685 979 2727 Praevideo
1011 2689 1186 2737 tamen,
1221 2683 1343 2737 fore,
1381 2686 1460 2739 qui
1491 2683 1645 2726 locum
1681 2697 1839 2729 sanum
1875 2692 2058 2743 putent.

351 2778 462 2814 Mox
497 2777 624 2825 erat,
659 2785 758 2813 eum
794 2772 1035 2813 haererem
1068 2775 1113 2812 in
1144 2786 1188 2812 v.
1229 2773 1329 2813 125.

485 2846 559 2910 κα)
591 2846 735 2897 κωλδς
772 2850 994 2898 πάντεσσι
1028 2847 1129 2913 μετ’
1163 2847 1340 2905 ἡὶθέοισι
1374 2853 1619 2913 καλεῧμοη.

485 2932 598 2986 εὗδον
631 2935 697 2995 δ’,
730 2939 815 2986 εἶ’κε
848 2939 967 3001 μόνον
1003 2937 1057 2989 rc?
1088 2937 1226 2989 καλὸν
1262 2938 1414 3003 στὲμοι
1450 2945 1532 2991 τεῦ
1563 2942 1789 3001 ἔφῖλασα-

200 3075 202 3077 Γ
221 3038 326 3068 cum
350 3027 620 3072 observasse
643 3030 755 3073 mihi
775 3034 976 3088 viderer,
1009 3035 1173 3093 adject.
1191 3032 1332 3081 καλὲς
1354 3036 1495 3091 paulo
1518 3050 1664 3077 rarius
1681 3041 1874 3092 primam
1896 3039 1943 3077 in
1959 3037 2086 3080 thesi
