2931 3772
678 433 695 465 ·.
710 392 876 464 Epist.
912 397 1026 444 crit.
1082 389 1356 443 'Theocn‘t-
1391 388 1472 441 Id.
1508 390 1603 441 III.
1640 409 1721 457 27.
2084 412 2144 458 ¹7

412 518 517 563 sed,
547 523 724 573 restat,
773 523 827 560 ut
865 517 982 559 illud
1021 512 1117 563 τεδν
1148 511 1230 561 ἁδύ
1263 515 1581 572 expediamus.
1655 518 1713 557 Et
1744 509 1826 561 οἱὸὖ
1858 516 2039 572 quidem
2075 519 2140 558 ita

281 596 570 652 substantive
608 598 655 640 in
687 594 757 637 his
788 594 1062 637 carminibus
1109 596 1240 653 recte
1287 594 1421 648 poni,
1470 604 1604 647 nego.
1686 593 1940 648 Legendum
1988 596 2142 649 itaque

280 675 516 730 suspicor}

816 755 958 818 τοίγε
993 754 1084 820 μοῖν
1117 755 1216 808 τὶν
1248 751 1334 808 οἱδι)
1366 756 1602 817 τέτυκται.

279 857 501 900 ‘nativum
532 850 600 900 τίν
633 849 823 906 longum
867 864 992 905 esse,
1044 850 1204 893 videor
1252 847 1365 892 mihi
1415 862 1506 892 non
1546 854 1721 893 temere
1766 852 2008 905 statuisse;
2059 853 2145 894 etsi

287 934 452 976 mirum
486 933 581 981 est,
631 927 750 970 hanc
781 926 1002 982 formam,
1050 929 1229 984 quoties
1262 938 1381 968 nunc
1420 928 1623 968 occurrit
1663 930 1708 968 in
1743 926 1813 968 his
1848 928 2142 983 carminibus,

286 1022 378 1052 non
412 1017 674 1062 occurrere,
708 1007 794 1046 nisi
824 1007 871 1046 in
903 1007 1023 1058 arsi,
1058 1003 1195 1059 idque
1230 1016 1318 1045 non
1352 1007 1533 1045 tantum
1569 1008 1675 1046 ante
1710 1004 1941 1058 vocalem,
1983 986 2147 1048 sedet

287 1090 396 1129 ante
427 1085 770 1127 consonantem.
836 1068 1009 1137 Neque¹
1036 1079 1443 1136 praetermittenda
1489 1083 1561 1122 est
1600 1080 1828 1123 editorum
1869 1084 1915 1122 in
1947 1086 2145 1136 cognato

285 1161 376 1221 ἐμίν
411 1158 816 1206 mira'fluctuatio,
881 1159 994 1201 Cum
1032 1158 1151 1199 enim
1182 1154 1297 1197 illud
1331 1152 1554 1211 producta
1590 1155 1751 1199 ultima
1785 1159 1897 1200 satis
1930 1156 2145 1212 frequens

287 1241 371 1291 sit,
397 1238 548 1279 'etiam
583 1239 688 1277 ante
722 1231 958 1287 vocalem,
994 1231 1291 1292 (quamquam
1318 1233 1575 1287 productio
1591 1239 1726 1276 extra
1761 1237 1882 1276 arsin
1903 1246 2148 1276 occurrere

280 1311 363 1354 ‘hic
398 1310 600 1375 nequit);
632 1315 789 1352 tamen
857 1312 905 1350 in
937 1308 1113 1356 duobus
1146 1307 1387 1351 Theocriti
1418 1306 1553 1362 locis,
1594 1310 1660 1351 Id.
1679 1315 1742 1354 V·
1770 1311 1842 1355 18.
1879 1314 1928 1353 et
1959 1313 2038 1353 VI.
2060 1309 2145 1354 36.

276 1385 452 1431 ultima
482 1388 530 1429 id
563 1391 777 1443 correpta
818 1385 876 1427 ab
909 1385 1128 1444 omnibus
1155 1385 1324 1427 editur.
1399 1385 1531 1439 Quod
1562 1389 1599 1428 si
1631 1387 1797 1429 falsum
1831 1392 1927 1440 est,
1977 1392 2029 1429 ut
2060 1387 2149 1429 fal·

285 1479 388 1508 aum
423 1477 523 1508 esse
556 1463 763 1516 videtur,
809 1458 1078 1512 Brunckius,
1100 1464 1178 1517 qui
1224 1456 1393 1517 ubique
1440 1476 1525 1517 pro
1564 1462 1755 1518 vulgato
1788 1461 1884 1523 ἐμοί
1915 1462 2020 1506 dor.
2054 1461 2148 1523 ἐμίν

284 1541 570 1593 introduxit,
619 1551 823 1581 errorem
857 1537 979 1579 hunc
1013 1538 1200 1580 infinitis
1232 1536 1347 1579 locis
1379 1540 1576 1591 erravit,
1618 1542 1792 1594 pariter
1822 1542 1866 1583 in
1902 1555 2039 1597 pron.
2077 1538 2148 1587 τίν

286 1616 532 1674 aliquoties
574 1612 732 1671 lapsus
745 1609 764 1667 ,‘
809 1617 861 1670 ut
890 1612 963 1656 Id.
997 1616 1102 1659 vn.
1137 1610 1246 1667 5o.‚
1294 1612 1372 1655 ubi
1405 1611 1685 1658 Valkeuarium
1734 1618 1876 1660 etiam
1928 1619 2148 1661 comitem

284 1691 447 1739 habet.
511 1695 673 1748 Neque
704 1703 817 1735 vero
852 1693 899 1733 in
928 1688 1015 1734 hac
1048 1689 1357 1748 disputatione
1389 1691 1734 1748 provocandum
1770 1698 1843 1737 est
1871 1693 1930 1737 ad
1947 1699 2149 1740 accusat.

280 1768 346 1818 νίν
379 1773 429 1813 et
459 1766 530 1828 μίν
544 1800 563 1822 ,
601 1768 673 1812 ob
705 1768 755 1811 id
784 1770 960 1825 ipsum,
1000 1768 1106 1823 quia
1136 1768 1422 1810 accusatius
1453 1765 1554 1822 hic,
1605 1782 1697 1812 non
1730 1769 1911 1814 dativus
1945 1775 2042 1825 est,
2077 1774 2150 1826 ut,

287 1850 327 1891 si
359 1845 618 1907 analogiam
651 1858 838 1901 urgeas,
887 1845 935 1887 id
973 1836 1033 1886 ad
1066 1856 1296 1886 summum
1330 1845 1462 1887 unice
1497 1844 1556 1887 ad
1588 1860 1725 1902 pron.
1762 1844 1855 1902 τίν,
1907 1848 1953 1889 in
1988 1861 2143 1890 accus.

288 1926 517 1980 positum,
570 1921 731 1964 referri
764 1921 927 1977 possit.
994 1919 1080 1963 Sed
1120 1933 1274 1975 neque
1321 1918 1413 1963 hoc
1461 1920 1720 1976 probabile.
1805 1925 2014 1979 Denique
2048 1924 2149 1967 dat.

286 2001 575 2057 pronominis
615 2000 784 2040 tertiae
826 2010 951 2053 pers.
988 1994 1025 2042 ἴν
1058 1999 1261 2056 omnium
1294 1999 1528 2052 rarissime
1563 2000 1792 2051 occurrit,
1838 2005 1891 2043 ut
1924 2014 2011 2044 nec
2045 2001 2152 2045 inde

289 2076 514 2119 auxilium
547 2079 711 2131 petere
746 2073 900 2117 liceat.
983 2075 1082 2116 Iam
1114 2071 1232 2115 haec
1266 2076 1414 2115 oritur
1445 2062 1703 2117 dubitatio:
1769 2079 1813 2117 Si
1841 2079 1891 2120 in
1924 2077 1999 2120 his
2032 2079 2153 2121 dati-

289 2156 360 2196 vis
394 2151 573 2208 syllaba
606 2168 647 2195 ιν
680 2163 865 2206 semper
897 2149 1034 2204 longa
1066 2153 1161 2201 est,
1184 2149 1311 2203 -quid
1343 2147 1543 2202 scribere
1575 2155 1764 2204 oportet
1793 2155 1838 2193 in
1870 2155 1927 2194 iis
1958 2156 2154 2197 Dorico-

291 2243 394 2272 rum
431 2231 675 2285 po'e'tarum
710 2226 847 2279 locis,
901 2225 979 2267 ubi
1027 2224 1177 2267 brevis
1225 2223 1402 2280 syllaba
1436 2225 1716 2280 requiritur?
1780 2229 1823 2269 Si
1855 2241 2150 2272 communem

289 2289 492 2349 ferinam
513 2304 607 2362 ἐμοί
630 2305 767 2363 dicis,
799 2303 959 2345 dorica
989 2301 1216 2357 dialectus
1243 2316 1310 2344 ex
1341 2300 1430 2344 hac
1463 2307 1595 2357 parte
1621 2304 1896 2358 imperfecta
1923 2309 2150 2360 arguitur3

289 2382 420 2439 quod
450 2384 631 2439 nescio,
666 2396 757 2436 quo
789 2382 888 2437 jure
925 2380 1024 2422 fieri
1054 2378 1241 2422 debeat.
1308 2382 1359 2420 In
1383 2378 1534 2438 altero
1566 2383 1837 2435 pronomine
1870 2382 2038 2426 saltem
2073 2397 2154 2425 en-

290 2459 501 2503 anticum
537 2455 610 2503 τοί
640 2457 787 2500 adest.
853 2459 924 2498 Ita
959 2468 1043 2512 pro
1076 2447 1128 2501 ἄν
1163 2453 1332 2497 habent
1366 2453 1550 2511 longum
1590 2452 1676 2510 καί,
1726 2458 1832 2510 sed,
1881 2460 1968 2501 nis'i
1994 2458 2154 2513 fallor,

292 2539 340 2578 in
372 2539 426 2578 iie
458 2541 641 2589 tantum
678 2535 821 2584 locis,
855 2533 933 2573 ubi
957 2546 1061 2574 cum
1085 2530 1147 2587 αἴ,
1167 2535 1391 2589 jungitur3
1428 2530 1572 2589 (quod
1596 2531 1854 2589 supraerat
1870 2536 1941 2577 Id.
1957 2539 2019 2577 11.
2044 2538 2154 2591 142.

290 2607 356 2662 ὥς
388 2628 451 2658 κω
476 2615 749 2667 suspectum
785 2614 880 2665 est,
917 2609 1184 2651 mutandum
1215 2608 1413 2650 fortasse
1449 2610 1497 2649 in
1530 2604 1589 2655 οἷς
1621 2626 1714 2664 κεν,
1751 2616 1832 2654 aut
1848 2612 1965 2654 adeo
1983 2609 2043 2658 ὥς
2058 2607 2155 2667 ἄνθ

296 2687 471 2732 habent
504 2692 551 2731 et
584 2687 727 2729 breve
760 2679 843 2738 καὶ,
880 2698 1035 2727 rursus
1065 2689 1245 2728 tantum
1280 2686 1327 2724 in
1359 2679 1443 2730 ἵκω
1480 2690 1528 2728 et
1559 2680 1697 2741 ὅκκα,
1742 2691 1798 2729 et
1830 2678 2075 2747 praeterea
2106 2686 2155 2734 κέ

296 2770 345 2808 et
375 2764 466 2819 κέν,
502 2765 559 2806 de
605 2762 772 2818 quibus
819 2761 959 2803 infra.
985 2762 1117 2817 plura
1164 2760 1357 2803 fortasse
1390 2761 1666 2805 videbimus·
1736 2763 1961 2808 Videntur
1995 2770 2159 2809 tamen

295 2844 458 2898 utique
490 2839 644 2898 plures
677 2838 898 2900 ejusmodi
930 2837 1134 2881 defectus
1168 2839 1215 2879 in
1246 2823 1400 2892 lingua
1432 2840 1725 2883 Doriensium
1760 2843 1944 2894 poetica
1976 2842 2159 2884 ostendi

297 2930 455 2975 posse.
537 2920 608 2959 lta
657 2918 704 2958 in
752 2914 933 2971 vulgari
978 2914 1132 2971 lingua
1180 2914 1449 2962 verborum,
1480 2915 1643 2957 formis
1676 2919 1721 2958 in
1754 2935 1795 2962 σι
1828 2921 1877 2958 et
1907 2917 2076 2962 addere
2110 2922 2161 2962 et

294 2994 489 3037 demere
520 2992 632 3036 licet
665 3011 684 3039 ν
717 2987 1055 3052 ε’φελκυστικόν,
1090 2997 1142 3036 ut
1173 2998 1238 3034 sic
1271 2996 1319 3034 et
1352 2991 1503 3053 hiatus
1536 2995 1701 3036 evitari
1735 2997 1879 3050 possit
1910 2998 1959 3037 et
1988 2997 2160 3055 positio

292 3069 442 3115 effici.
491 3070 600 3115 ‘Sed
633 3074 712 3129 qui
742 3082 848 3115 cum
882 3069 1083 3117 Brunckio
1113 3070 1284 3127 ubique
1315 3064 1491 3131 φαντί,
1542 3069 1625 3113 all.
1664 3071 1894 3127 scribunt,
1925 3075 2161 3130 utrimque
