2931 3772
690 396 694 400 ,
731 338 898 409 Epist.
938 339 1049 389 crte.
1124 334 1336 387 Theocr.
1371 332 1450 384 Id.
1472 305 1521 384 1ss
1562 340 1670 386 ωε.
1739 334 1808 385 11.
1846 343 1896 398 4.
2208 356 2244 401 9

490 442 612 507 “Sed
646 463 977 507 revertendum
1012 475 1102 514 non
1136 460 1254 503 nihil,
1282 460 1340 501 ad
1371 473 1415 503 v.
1457 456 1558 503 105.
1595 459 1673 501 ubi
1703 464 1918 515 suspecta
1945 462 2100 506 .videri
2132 468 2239 521 pot.

384 546 457 586 est
491 541 701 597 cypridis
743 543 949 592 mentio,
1001 543 1054 581 ut
1104 541 1149 580 in
1198 540 1409 580 oratione
1461 537 1520 580 ad
1570 540 1718 597 ipsam
1763 538 2014 594 Cypridem
2062 538 2234 585 habita.

386 622 465 662 Ita
494 617 609 661 mihi
646 617 899 673 aliquando
931 621 978 658 in
1011 620 1220 658 mentem
1252 618 1412 658 venite

643 699 695 752 οὗ
727 699 883 764 λέγετ’
915 703 969 752 ἓν
1016 722 1172 751 ποκα
1216 701 1427 767 Κύπρῳ
1479 700 1501 750 ὅ
1534 699 1738 756 βωκόλρς·
1762 728 1904 738 —-
1936 704 2046 764 ’ἕρπε
2079 719 2136 752 π.
2155 699 2203 754 Ἰ.

380 775 433 840 ut
485 800 610 851 prius
647 799 849 852 Cyprum
894 801 944 839 et
974 796 1101 838 Idam
1154 794 1355 850 Daphnis
1389 796 1564 839 Veneri
1612 794 1839 850 objiciat,
1889 808 2002 836 mox
2049 799 2235 841 inverso

386 873 546 915 ordine
582 872 812 914 Anchisen
848 876 897 914 et
928 872 1108 914 Adonin
1142 873 1383 926 nominet,
1434 875 1484 918 et
1527 873 1592 913 sic
1632 872 1777 914 etiam
1812 866 2023 925 βουκόλον
2057 877 2108 916 et
2138 891 2235 922 750,-

340 977 343 978 r
379 950 490 1011 μένοι
524 950 792 993 confundat.
839 949 950 994 ”Vel
980 949 1080 992 tale
1114 948 1249 1005 quid:

570 1024 574 1026 “
641 1033 689 1084 οῧ
721 1037 913 1097 λέγεται
947 1032 1051 1085 cdv
1101 1035 1317 1098 μίτραν
1371 1034 1630 1088 ὅβωκὸλσς
1661 1059 1725 1071 -
1755 1063 1814 1072 -

287 1144 293 1150 ·
374 1129 511 1189 λῦῃ-οη
547 1128 753 1183 scilicet,
806 1133 858 1171 ut
898 1126 1064 1188 μίτραν
1111 1131 1157 1171 in
1199 1128 1336 1170 simili
1368 1128 1502 1181 loco,
1554 1127 1744 1182 ultima,
1796 1130 1954 1171 nescio
1988 1143 2080 1186 quo
2113 1129 2233 1185 jure,

374 1202 619 1260 correpta,
655 1205 799 1248 habes
833 1205 901 1247 Id.
936 1209 1113 1249 XXVII.
1149 1206 1228 1261 Q.
1296 1205 1384 1247 Sed
1417 1219 1582 1247 verum
1616 1210 1729 1261 puto
1763 1198 1848 1251 τοῖν
1884 1200 2076 1266 Κύπριν,
2111 1207 2233 1268 quod

375 1285 560 1337 gravius
593 1281 798 1336 dictum,
836 1296 976 1338 quam
1012 1290 1267 1338 pronomen
1298 1282 1529 1324 secundae
1554 1294 1784 1338 personae
1819 1284 1855 1321 si
1873 1282 2078 1337 Daphnis
2107 1297 2233 1325 usur-

377 1362 557 1413 passet.
625 1362 808 1400 Nomen
844 1362 967 1401 enim
1004 1361 1150 1401 Deam
1187 1363 1352 1414 aperte
1390 1362 1753 1413 repraesentat,
1803 1362 1853 1400 et
1888 1362 2236 1414 oppositionem

372 1433 477 1477 cum
513 1447 617 1476 voc.
667 1430 867 1486 βουκόλος
899 1432 1028 1478 clare
1063 1435 1310 1491 exprimit,
1358 1447 1477 1489 quae
1512 1436 1666 1476 omnia
1699 1436 1960 1489 pronomini
1994 1435 2233 1477 obscurius

372 1510 578 1552 subsunt.
661 1513 864 1553 Eatenus
907 1512 1051 1552 etiam
1089 1497 1270 1552 'nomen‘
1303 1512 1457 1566 aptius
1490 1514 1585 1563 est,
1635 1514 1862 1566 quatenus
1917 1510 2115 1553 aliorum
2170 1511 2231 1554 de

370 1590 558 1630 Venere
591 1598 807 1632 *rumores
840 1582 1074 1642 (λέγεται)
1114 1584 1315 1640 Daphnis
1347 1584 1497 1627 affert.
1582 1585 1672 1627 Sed
1715 1589 1932 1641 quoniam
1968 1577 2014 1631 οὗ
2047 1592 2232 1629 mutan·

371 1662 481 1704 dum
521 1664 594 1703 est
625 1663 671 1702 in
704 1653 735 1705 ὦ
754 1691 769 1714 ,
804 1665 856 1703 ut
889 1661 1120 1705 dialectus
1152 1661 1239 1704 sibi
1271 1665 1480 1717 constet,
1516 1664 1685 1705 merito
1720 1660 2073 1706 deliberandum
2097 1691 2114 1717 ,
2170 1676 2230 1706 an

372 1742 590 1795 praestet
615 1736 858 1779 scribere:
1037 1731 1041 1733 ’

635 1822 698 1872 ου’
746 1825 935 1883 λέγεται
988 1821 1072 1873 τεέν
1123 1820 1280 1885 Κύπριν
1326 1824 1347 1873 o‘
1394 1820 1597 1879 βωκέλος
1628 1851 1689 1860 -
1719 1842 1817 1880 -—-;

373 1918 540 1961 eadem
588 1920 882 1973 aposiopesi,
932 1917 1017 1959 sed
1066 1920 1312 1972 oratione,
1361 1920 1447 1959 nisi
1480 1917 1643 1969 fallor,
1696 1920 1745 1959 et
1776 1917 1980 1959 faciliori
2029 1922 2080 1959 et
2129 1916 2229 1961 ele-

376 1997 591 2051 gantiori.

498 2151 715 2191 Omnium
750 2152 824 2191 TE
858 2150 1047 2191 minime
1098 2150 1248 2205 fugit,
1295 2151 1575 2192 ILLUSTRIS
1610 2148 1945 2200 OUVAROFF,
1999 2154 2223 2204 quantum

369 2228 416 2267 in
452 2226 718 2267 exercenda
754 2229 862 2274 crisi
910 2226 1208 2268 tribuendum
1262 2229 1321 2268 sit
1368 2228 1577 2268 metricis
1620 2225 1899 2278 rationibus,
1949 2227 1986 2265 si
2018 2229 2225 2268 carmina

370 2307 504 2353 sunt,
555 2303 614 2344 de
667 2304 829 2358 quibus
862 2304 1032 2357 agitur.
1114 2305 1185 2344 Ita
1222 2316 1312 2344 non
1345 2303 1612 2355 mirabaris,
1661 2315 1737 2342 me
1772 2301 2006 2357 haeg'tane
2040 2304 2087 2341 in
2120 2303 2226 2344 loco

371 2377 567 2420 Theocr.
604 2379 752 2420 Id.11.
776 2382 826 2433 4.
862 2392 1003 2434 quem
1036 2391 1223 2432 omnes,
1256 2392 1368 2438 quos
1402 2381 1534 2431 novi,
1570 2366 1858 2433 interpretes
1893 2380 2043 2419 securi
2075 2382 2225 2420 trans-

371 2457 558 2509 ierunt,
614 2468 726 2496 unus
769 2469 859 2497 non
901 2457 1176 2497 transiturus
1217 2461 1351 2513 erat,
1404 2455 1592 2511 siquid
1631 2468 1738 2497 eum
1781 2456 1922 2507 novi,
1974 2451 2226 2497 Hermannus

374 2544 525 2573 meus.
594 2532 756 2573 Editur
789 2531 959 2587 vulgo:
1212 2537 1216 2543 ‘

636 2615 682 2665 ὃς
715 2638 785 2679 μοι
817 2613 1108 2666 δωδεκαταῖος
1140 2614 1225 2679 ἀφ’
1257 2611 1288 2666 ὦ
1323 2617 1483 2667 τάλας
1515 2615 1719 2669 ου’δὲπο9’
1752 2614 1866 2676 ἥκει,

371 2711 513 2765 Atqui
546 2707 702 2756 πίλοις
736 2710 948 2752 ultimam
986 2711 1201 2767 producit
1221 2739 1234 2762 ,
1269 2714 1334 2755 uti
1372 2711 1542 2770 μέλας,
1579 2712 1638 2753 de
1674 2712 1837 2767 quibus
1871 2710 2108 2754 vocabulis
2141 2716 2229 2754 mi-

372 2791 499 2829 ratus
535 2800 667 2839 sum,
720 2787 799 2828 vel
834 2787 1115 2851 Tbierschiurft
1152 2802 1307 2830 meum
1357 2791 1403 2829 in
1437 2790 1754 2834 Grammatica
1807 2801 1886 2830 sua
1940 2792 2224 2833 contrarium

372 2850 641 2919 nuperrime
679 2848 990 2921 praecepisse.
1059 2865 1147 2907 Sed
1180 2876 1309 2907 error
1336 2863 1417 2908 vhic
1450 2879 1542 2908 non
1568 2864 1719 2908 semel
1749 2869 1929 2908 erratus
1965 2870 2055 2919 est,
2091 2869 2138 2908 in
2171 2879 2226 2909 re

372 2937 512 2992 longe
565 2943 856 2991 certissima.-
927 2943 1185 2985 Aeolenses
1236 2944 1357 2983 enim
1408 2955 1492 2996 pro
1532 2940 1681 2995 μέλας
1734 2947 1784 2984 et
1815 2937 1975 2988 τάλας
2006 2942 2239 2987 dixerunt

372 3013 534 3073 μέλους
574 3022 623 3059 et
657 3013 854 3073 τάλαις,
889 3019 1028 3075 plane
1061 3006 1113 3062 ut
1145 3021 1189 3060 in
1223 3021 1474 3075 participiis
1509 3032 1681 3075 aorri.
1717 3020 1796 3061 ubi
1829 3036 1887 3066 ας
1919 3018 2083 3062 itidem
2119 3034 2226 3076 pro-

754 3102 760 3106 “
1102 3103 1107 3106 ·
1862 3102 1890 3133 2
