2931 3772
665 378 697 423 6
925 368 1093 439 Epist.
1114 371 1243 420 ‘cr-it.
1322 364 1540 421 Theocr.
1574 364 1655 421 Id.
1675 367 1718 421 t.
1763 382 2009 439 musqq.
2052 362 2263 442 109··³q

666 503 717 540 ln
751 493 822 537 his
858 508 1019 538 versus
1056 495 1231 539 medius
1265 499 1337 539 est
1370 493 1685 558 πωρένθετοςς
1729 498 1895 541 tertius
1945 508 2055 539 vero
2103 468 2343 542 continuat
2396 478 2545 555 ipsam

667 572 926 617 orationem
960 573 1019 616 ad
1052 578 1302 631 Venerem,
1336 573 1621 630 respondens
1655 587 1736 617 vv.
1756 572 1832 632 97.
1854 586 1893 616 s·
1932 573 2135 626 „Odiosa
2167 578 2350 640 Venus,
2388 579 2549 620 Venus

665 649 940 692 mortalibus
994 650 1193 704 infesta,
1228 674 1289 682 -
1341 650 1457 709 jam
1481 651 1604 691 enim
1655 653 1807 692 omnia
1856 648 2075 702 dicenda,
2145 651 2346 694 instante
2414 641 2548 694 nobis

619 748 627 753 -
666 732 928 769 morte!—
992 727 1195 782 Daphnis
1231 726 1308 768 vel
1342 716 1547 769 mortuus
1575 738 1738 781 magna
1770 725 1958 767 dolendi
1992 728 2204 769 materies
2233 729 2394 769 Amori
2429 730 2546 770 erit.

675 807 874 845 invictus
907 806 1027 844 enim
1063 808 1156 856 est,
1195 816 1330 864 quem
1363 808 1415 845 tu
1448 802 1505 845 ab
1536 805 1705 844 Amore
1737 806 2002 857 superatum
2035 801 2368 857 gloriabaris.“
2398 793 2402 796 ’
2434 805 2542 847 Infi-

667 885 866 923 nitivum
903 872 1145 937 φράσδειν,
1183 870 1393 936 e'lliptice
1426 882 1658 936 positum,
1695 886 1830 921 nemo
1864 879 2035 934 faciles
2060 879 2144 925 tali
2178 882 2385 938 inprimis
2404 893 2565 940 ιιιῑιιι,δ
2601 889 2604 891 “

668 957 1016 1015 reprehendet;
1051 962 1140 1000 etsi
1174 972 1265 999 non
1300 960 1433 999 nimis
1469 970 1713 1014 operosum
1749 962 1896 1008 esset,
1947 957 2025 999 vel
2073 950 2253 1014 fon‘y
2294 953 2387 1019 γὰρ
2420 955 2543 1019 φρά-

666 1033 775 1083 eden·
810 1053 862 1082 π.
901 1035 1120 1077 scribere.
1189 1039 1329 1078 Error
1361 1038 1408 1077 in
1442 1050 1491 1079 v.
1520 1028 1708 1096 Φράσδει
1739 1034 1934 1078 fortasse
1967 1040 2094 1079 ortus
2125 1041 2221 1089 est,
2259 1040 2367 1093 quia
2401 1035 2540 1078 libra-

665 1116 789 1165 rius,
838 1126 942 1154 cum
998 1117 1150 1164 totum
1188 1127 1373 1155 versum
1426 1116 1473 1154 in
1508 1115 1727 1155 memoria
1760 1116 1964 1166 teneret,
2017 1113 2225 1156 ultimam
2259 1114 2546 1158 terminatio-

670 1204 774 1235 nem
813 1202 917 1231 cum
952 1201 1034 1240 ea,
1072 1192 1116 1229 in
1150 1204 1241 1244 qua
1275 1203 1466 1232 caesura
1498 1192 1626 1232 tertii
1661 1188 1792 1244 pedis
1826 1178 1925 1242 esi,
1959 1188 2291 1243 confundebatz
2340 1190 2388 1232 id
2425 1188 2549 1245 quod

671 1279 807 1321 saepe
843 1278 1024 1307 errores
1062 1267 1313 1323 protulisge
1341 1267 1546 1309 videtur.
1613 1268 1727 1308 Hinc
1762 1267 1805 1306 in
1840 1265 1989 1307 Codd.
2028 1266 2114 1322 pn.
2147 1257 2317 1322 legitur
2348 1260 2548 1322 δεὸὗκεσν,

670 1355 776 1385 cum
809 1341 927 1383 illud
958 1359 977 1387 ν
1016 1328 1074 1384 ad
1110 1356 1156 1383 v.
1199 1336 1390 1402 φράσδει
1425 1345 1675 1399 pertineat.
1745 1342 1989 1397 Caeterum
2024 1344 2070 1383 in
2103 1343 2193 1394 fine
2218 1337 2409 1396 Ἔρωτι,
2446 1343 2545 1386 dat.

673 1432 783 1461 casu
820 1421 1009 1475 scripsi,
1045 1433 1136 1461 non
1168 1423 1299 1473 quasi
1332 1418 1422 1461 hoc
1459 1422 1592 1460 unice
1627 1432 1785 1463 verum
1820 1422 2058 1474 putare-m,
2096 1419 2173 1461 sed
2206 1422 2312 1475 quia
2347 1432 2555 1473 sensum,

597 1522 604 1529 ·
672 1509 809 1551 quem
846 1496 984 1550 volo,
1021 1499 1256 1551 genitivus
1292 1498 1440 1537 minus
1475 1495 1600 1537 clare
1633 1494 1880 1538 videbatur
1912 1493 2159 1550 exhibere,
2193 1510 2330 1553 quam
2346 1496 2546 1552 daturus.

1906 1571 1942 1578 s

805 1654 991 1709 Optime
1026 1655 1179 1694 autem
1214 1662 1319 1692 cum
1353 1654 1511 1693 nostra
1535 1652 1915 1706 interpretatione
1948 1652 2183 1715 sequentia
2213 1639 2400 1694 co’e'sint.
2468 1650 2548 1694 Di·

675 1734 810 1773 xerat
844 1728 1047 1784 Daphnis
1097 1727 1155 1768 ad
1186 1730 1438 1769 Venerem:
1509 1731 1650 1780 „Non
1686 1730 1784 1776 est,
1834 1740 1917 1770 cut
1964 1730 2016 1769 tu
2065 1740 2167 1771 cum
2219 1727 2315 1779 filio
2360 1733 2444 1769 tuo
2489 1729 2550 1770 de

673 1821 749 1850 me
784 1795 1071 1860 triumphum
1106 1815 1238 1858 agas3
1287 1815 1391 1843 nam
1430 1802 1506 1845 vel
1560 1802 1665 1858 post
1715 1806 1911 1845 mortem
1963 1817 2155 1859 magnus
2203 1806 2246 1846 ei
2279 1803 2413 1846 dolor
2460 1807 2551 1846 erit

676 1887 880 1927 invictus
931 1893 1059 1922 meus
1109 1883 1304 1921 animus.
1388 1882 1456 1920 Tu
1499 1882 1596 1933 ipsa
1640 1891 1780 1934 saepe
1814 1872 2319 1923 Amori·succubuisti!
2388 1883 2549 1922 Nonne

676 1966 727 2003 te
763 1959 926 1999 habuit
960 1955 1217 1997 Anchises?
1282 1968 1434 1996 nonne
1470 1954 1679 1997 Adonis?
1745 1954 1957 2009 Daphnin
1997 1955 2244 1997 bubulcum
2284 1970 2374 1997 non
2407 1944 2550 2010 magis

678 2036 995 2093 superaveris,
1048 2045 1185 2087 quarn
1223 2031 1519 2082 Diomedem,
1572 2034 1609 2071 si
1643 2031 1792 2071 denuo
1829 2037 2063 2081 certamen
2096 2047 2197 2074 cum
2233 2046 2286 2074 eo
2323 2035 2437 2073 inire
2471 2046 2550 2073 au-

678 2115 850 2157 deresst
840 2114 876 2138 ‘⁴
966 2111 1092 2163 Quae
1142 2112 1376 2163 postrema
1427 2121 1539 2162 prae
1589 2110 1787 2148 caeteris
1839 2108 2148 2151 amarulenter
2179 2108 2329 2150 rident
2360 2111 2550 2151 Veneris
2589 2131 2598 2135 -

680 2189 1021 2245 impotentiam.
1087 2186 1252 2237 Vide3‚
1299 2188 1439 2240 puto,
1491 2188 1572 2226 aut
1606 2182 1727 2225 hunc
1762 2197 1864 2227 esse
1904 2187 1951 2226 in
1985 2185 2138 2228 verbis
2171 2189 2335 2242 poetae
2371 2198 2551 2228 sensum

681 2271 729 2311 et
765 2278 962 2318 nexum,
998 2267 1078 2307 aut
1110 2262 1288 2304 nullum
1324 2263 1532 2302 omnino:
1591 2261 1717 2316 quod
1751 2239 1876 2303 nefas
1910 2265 2008 2317 est,
2047 2262 2218 2307 dicere.

808 2391 922 2435 Inde
956 2405 1066 2433 vero
1099 2394 1232 2432 unice
1267 2390 1440 2446 pendet
1474 2390 1797 2446 interpretatio
1830 2403 1881 2431 v.
1910 2402 2010 2447 ¹⁰9·
2048 2402 2152 2445 sqq,

947 2480 1132 2543 Ὠροίἱος
1169 2475 1220 2539 χ’
1244 2475 1466 2536 Ὠδωνις,
1502 2476 1602 2528 ἔπεέ
1634 2475 1707 2540 κα)
1739 2480 1875 2541 μᾶλα
1909 2475 2099 2539 vopida,

947 2568 1022 2630 καὶ
1056 2573 1250 2621 πτῶκας
1283 2568 1491 2628 βάλλει,
1534 2567 1609 2633 κα)
1640 2557 1778 2634 &head
1809 2565 1976 2619 τᾶλλα
2008 2564 2164 2622 διώκει·

687 2670 766 2725 qui
800 2666 934 2710 locus
966 2668 1157 2710 criticos
1187 2667 1385 2720 pessime
1421 2667 1631 2708 vexavit.
1708 2666 1852 2720 Atqui
1901 2666 2096 2721 primum
2148 2663 2450 2718 intelligitur,
2492 2665 2552 2710 ad.
2608 2701 2627 2709 -,

685 2744 806 2787 hunc
840 2745 1170 2786 sententiarum
1207 2755 1373 2783 nexum
1408 2741 1544 2798 plane
1578 2740 1694 2784 nihil
1712 2741 1863 2784 facere
1880 2739 2259 2798 versumVirgilii
2275 2741 2448 2786 Eckx.
2476 2741 2556 2790 18..

950 2831 1020 2881 Et.
1040 2831 1240 2886 formosus
1275 2847 1373 2877 oves
1405 2834 1459 2877 ad
1482 2832 1657 2887 flumina
1688 2834 1816 2891 pavit
1849 2832 2023 2890 Adonis.

687 2929 829 2983 Saepe
866 2929 993 2969 enim
1021 2926 1242 2982 Virgilius
1274 2923 1576 2969 Theocritum
1611 2929 1679 2968 ita
1710 2928 1916 2976 imitatus
1950 2929 2052 2977 est,
2099 2912 2152 2967 ut
2183 2923 2330 2967 verbis
2363 2924 2549 2979 quidem

685 3009 733 3046 et
768 3004 1000 3046 coloribus
1050 3004 1357 3062 undequaque
1405 3017 1430 3045 e
1462 3003 1640 3046 Graeco
1673 3008 1781 3045 vate
1825 3001 2037 3044 collectis
2054 3005 2118 3065 §et
2149 3003 2391 3054 mutuatis,
2442 3015 2551 3057 pro-

685 3084 831 3137 priam
866 3077 1047 3134 tamen,
1103 3093 1241 3137 saepe
1275 3080 1656 3138 dlversissimam‚
1711 3081 1984 3125 sententiam
2034 3080 2099 3121 sic
2131 3076 2419 3134 procuderet.
2498 3082 2550 3120 In
