2931 3772
995 55 1017 68 Π,
1038 64 1041 66 .

712 329 883 417 Epist.
919 329 1031 391 crit·
1105 326 1544 400 Theocrit.'ld.1.
1580 336 1664 397 95.
1709 352 1819 386 101.
1858 352 1966 407 sqq.
2237 344 2271 392 5

411 447 618 515 κλάζων,
671 456 729 499 de
760 458 947 501 canibus
977 470 1069 500 non
1102 460 1248 510 serio,
1283 458 1364 500 sed
1391 459 1629 501 incondita
1661 473 1777 504 voce
1810 460 2108 515 latrantibus,
2146 464 2267 518 (ver-

411 532 562 587 geblicb
592 532 774 588 kleffen).
842 536 982 577 Recte
1020 536 1159 588 igitur
1199 533 1290 576 dici
1333 538 1491 588 posset
1527 533 1585 577 de
1622 535 1843 590 ejusmodi
1883 550 1973 578 non
2005 523 2184 593 integro
2219 544 2267 583 et

413 622 575 666 parum
609 610 668 652 ad
698 614 908 653 naturam
938 610 1197 664 composito
1235 609 1435 665 maligno
1476 614 1588 658 risu.
1673 612 1760 653 Sed
1809 610 1932 653 haud
1980 614 2120 668 paulo
2171 615 2267 657 ele-

413 689 592 741 gantior
609 690 731 729 esset
755 685 911 739 locus,
942 688 978 727 si
1010 699 1036 727 e
1068 684 1206 728 codd.
1239 675 1522 742 proferretur
1555 691 1600 729 in
1632 687 1753 730 hunc
1785 688 1973 730 modum
2008 692 2228 745 scriptus:

676 777 781 837 ἤνθέ
813 773 869 842 ’γε
898 776 983 839 μοέν
1012 777 1137 842 ἔμοι
1179 778 1348 831 ’παιδὶ
1382 779 1454 841 και)
1487 782 1520 831 οἱ
1552 779 1999 847 Κύπριςγελοὶοισοι,

411 873 499 918 Sed
532 877 627 916 sine
659 873 809 918 Codd.
841 873 953 918 talia
993 889 1080 930 pro
1111 877 1233 917 veris
1265 875 1487 928 vendere,
1532 879 1634 930 quis
1668 874 1820 918 ausit?

535 1000 733 1043 Multum
763 1013 937 1044 mecum
973 1000 1222 1057 haerebas,
1256 1004 1358 1046 VIR
1389 1004 1696 1056 ILLUSTRIS,
1730 1005 1778 1044 in
1810 1002 1943 1059 loco,
1992 1007 2072 1061 qui
2104 1008 2266 1062 proxi-

408 1090 483 1122 me
518 1080 765 1137 sequitur,
792 1091 841 1121 v.
867 1092 969 1121 101.
1011 1091 1128 1139 sqq..

673 1162 814 1229 Κῦπξι
846 1164 1128 1229 veneco-otras,
1177 1162 1319 1230 Κύπρι
1352 1169 1576 1220 θνατοῖσιν
1609 1163 1863 1228 οἷπεχθῆς·

673 1249 746 1313 ἥδ’»)
778 1257 867 1320 ‘yde
897 1253 1082 1320 φρᾶσδει
1116 1254 1285 1316 πάνθ’,
1318 1256 1442 1309 ἅλιον
1476 1257 1593 1321 ἄμμι
1624 1255 1818 1309 δεδύκαν.

618 1410 624 1413 1
672 1344 845 1405 Δάφνις·
874 1343 987 1397 κἐἷν
1004 1343 1147 1413 ’Ἀΐδᾳ
1178 1346 1311 1407 κοοκὸν
1344 1349 1526 1410 ἕσσει-αι
1561 1346 1710 1409 ἄλγος
1743 1350 1921 1412 ἔρωτος’·

407 1445 455 1486 in
489 1454 682 1498 quorum
712 1443 853 1483 tertio
885 1454 1020 1483 versu
1037 1444 1143 1495 TU,
1180 1443 1376 1484 admissa
1394 1442 1587 1496 Brunckii
1618 1442 1939 1496 distinctione,
1972 1457 2057 1498 pro
2079 1440 2262 1504 ἔσσεταί

407 1518 598 1564 volebas
629 1516 894 1583 ἕσπετοιι,
936 1518 1046 1558 satis
1088 1520 1271 1559 omnino
1305 1519 1622 1573 probabiliter.
1686 1520 1909 1572 Equidem
1943 1520 2152 1562 omnibus
2187 1535 2263 1564 ac-

407 1596 612 1639 curatius
647 1594 903 1648 perpensis,
952 1604 1071 1634 nunc
1114 1594 1181 1634 ita
1228 1593 1285 1634 de
1318 1593 1407 1635 hoc
1440 1594 1546 1636 loco
1581 1595 1870 1636 statuendum
1910 1599 2047 1649 puto:
2116 1600 2263 1639 Verus

409 1684 510 1713 esse
543 1668 727 1711 videtur
757 1670 974 1709 nominat.
1007 1662 1159 1720 ἅλιος,
1208 1668 1415 1724 pluribus
1451 1670 1600 1713 Codd.
1638 1670 1984 1725 comprobatus3
2019 1671 2099 1712 sed
2132 1674 2265 1713 mini-

335 1764 338 1765 ’
406 1762 481 1790 me
514 1744 801 1803 cogitandum
835 1748 906 1785 est
937 1746 995 1785 de
1027 1744 1122 1786 illis
1154 1748 1346 1788 Veneris
1379 1751 1428 1786 et
1459 1750 1616 1788 Martis
1650 1747 1910 1798 amoribus,
1963 1760 1989 1787 a
2022 1747 2125 1788 Sole
2162 1752 2261 1790 Deo

406 1822 676 1882 patefactis,
711 1825 762 1863 ut
795 1822 840 1862 id
874 1820 1034 1877 Toupio
1067 1825 1112 1863 in
1147 1826 1348 1864 mentem
1380 1824 1526 1864 venit.
1593 1828 1694 1864 Imo
1716 1827 1892 1877 *aperta
1925 1827 1996 1864 est
2028 1827 2261 1877 oppositio

405 1892 688 1960 interdmr
719 1903 768 1940 et
797 1891 925 1959 οἷΐδορ,
978 1897 1102 1953 quod
1136 1904 1382 1954 utrumque
1416 1899 1474 1940 ad
1507 1899 1793 1955 Daphnidem
1842 1898 2128 1940 referendum
2172 1904 2263 1942 est.

407 1979 557 2033 Quare
590 1988 739 2031 neque
770 1975 1134 2031 distinguendum
1174 1981 1245 2017 est
1288 1981 1394 2032 post
1426 1971 1626 2034 Δάφνις,
1678 1979 1785 2032 quia
1816 1988 1914 2031 seq.
1950 1972 2041 2033 καξ,
2092 1979 2128 2016 si
2162 1989 2263 2017 sen-

404 2057 600 2099 tentiam
633 2052 814 2107 incipit,
848 2055 991 2107 magis
1023 2050 1219 2107 copulae
1253 2055 1452 2107 speciem
1476 2051 1643 2106 habet,
1678 2066 1840 2107 quam,
1874 2049 2100 2093 vocabulo
2134 2057 2262 2107 post-

364 2120 369 2124 ’
403 2130 759 2188 positum,‘vim
792 2132 888 2186 ejus
922 2128 1206 2183 particulae,
1252 2141 1368 2184 quae
1402 2141 1580 2169 sensum
1615 2130 1839 2182 intendit,
1875 2129 1996 2168 unde
2029 2132 2261 2183 oppositio

404 2210 549 2262 magis
581 2205 813 2248 elucescit.
879 2207 962 2246 Est
993 2206 1130 2245 etiam
1172 2217 1254 2258 per
1287 2217 1335 2245 se
1366 2203 1655 2246 incommoda
1693 2203 1807 2245 haec
1839 2204 2098 2257 distinctio,
2151 2207 2260 2259 quia

398 2278 598 2326 alteram
631 2286 734 2338 post
764 2276 908 2339 ἄμμι,
952 2294 1090 2335 quam
1122 2265 1281 2336 To'upii
1314 2285 1624 2323 commentum
1658 2285 1926 2336 pepererat,
1975 2280 2071 2320 fere
2103 2293 2260 2321 neces-

403 2362 569 2400 sariam
603 2359 728 2399 facit.
811 2362 906 2398 Iam
938 2355 1055 2397 illud
1083 2352 1251 2411 voivre»
1285 2353 1468 2416 φράζειν
1521 2370 1612 2398 non
1645 2357 1702 2397 ad
1737 2370 1869 2412 seqq.
1903 2356 2138 2411 pertinen
2178 2355 2259 2397 sed

404 2435 464 2477 ad
496 2434 736 2477 antecedd.
768 2438 817 2476 et
847 2437 1026 2489 partic..
1050 2429 1145 2493 ’γάρ
1180 2433 1404 2483 ostendit,
1443 2445 1625 2474 causam
1659 2432 1835 2484 afferri,
1879 2445 1960 2472 cur
1992 2431 2074 2472 ille
2105 2436 2259 2475 Vene-

402 2525 501 2554 rem
532 2516 628 2567 tam
660 2522 818 2567 aspere
852 2510 1082 2554 allocutus
1115 2512 1191 2552 sit.
1273 2512 1432 2552 Oratio
1483 2514 1636 2551 autern
1669 2502 1906 2557 ἀσύνδετος
1947 2514 2044 2561 est,
2091 2514 2143 2549 ut
2175 2521 2260 2564 par

404 2594 506 2632 erat
536 2591 583 2630 in
618 2601 777 2643 magna
809 2589 945 2630 animi
977 2588 1311 2637 commotione,
1363 2585 1519 2641 lingua
1568 2589 1676 2640 post
1723 2586 1909 2641 longum
1945 2586 2176 2628 silentium
2211 2588 2257 2627 in

404 2668 552 2723 prima
584 2665 723 2710 verba
758 2669 1046 2721 erumpente.
1101 2666 1211 2715 *Una
1240 2665 1395 2719 itaque
1427 2662 1566 2707 litera
1597 2665 1907 2720 transposita,
1939 2676 2045 2707 cum
2064 2661 2121 2707 W
2123 2673 2256 2707 assen-

403 2743 539 2799 bergio
570 2742 853 2787 scribendum
887 2747 1032 2798 puto:

665 2827 805 2893 Κύπρι
840 2823 1100 2893 νεμεσσοιτοέ
1117 2860 1134 2886 ,
1167 2826 1309 2893 Κύπρι
1340 2828 1567 2878 θνατοῖσιν
1597 2823 1848 2889 ἐπεχθῆς·
1882 2851 1945 2865 --

665 2918 735 2979 ἤδη
766 2915 859 2984 ‘yde
908 2919 1083 2984 φροίσ
1105 2916 1131 2968 δ’
1142 2938 1226 2969 ειν
1274 2912 1434 2970 πάνθ’·
1483 2916 1612 2970 ἅλιος
1643 2914 1760 2982 ἄμμι
1791 2912 1969 2968 &Macer
1988 2937 2049 2969 ····.

664 3011 836 3077 Δάφνις
865 3009 950 3075 κήν
981 3005 1109 3078 Ἀΐδας
1142 3008 1273 3064 κοικὸν
1308 3012 1488 3075 ἔσσεται
1524 3008 1671 3072 ἄλγος
1694 3004 1869 3073 Ἔρωτι.
