<?xml version="1.0" encoding="UTF-8"?>
<!DOCTYPE html PUBLIC "-//W3C//DTD XHTML 1.0 Transitional//EN"
    "http://www.w3.org/TR/xhtml1/DTD/xhtml1-transitional.dtd">
<html xmlns="http://www.w3.org/1999/xhtml" xml:lang="en" lang="en">
 <head>
  <title>
</title>
<meta http-equiv="Content-Type" content="text/html;charset=utf-8" />
  <meta name='ocr-system' content='tesseract 3.04.00' />
  <meta name='ocr-capabilities' content='ocr_page ocr_carea ocr_par ocr_line ocrx_word'/>
</head>
<body>
  <div class='ocr_page' id='page_1' title='image "4777372_0016.png"; bbox 0 0 2931 3772; ppageno 0'>
   <div class='ocr_carea' id='block_1_1' title="bbox 1849 51 1959 136">
    <p class='ocr_par' dir='ltr' id='par_1_1' title="bbox 1849 51 1959 136">
     <span class='ocr_line' id='line_1_1' title="bbox 1849 51 1959 136; baseline 0 -44"><span class='ocrx_word' id='word_1_1' title='bbox 1849 51 1959 136; x_wconf 11' lang='grc' dir='ltr'>’ᾗ</span> 
     </span>
    </p>
   </div>
   <div class='ocr_carea' id='block_1_2' title="bbox 655 319 2075 409">
    <p class='ocr_par' dir='ltr' id='par_1_2' title="bbox 655 319 2075 409">
     <span class='ocr_line' id='line_1_2' title="bbox 655 319 2075 409; baseline -0.005 -17"><span class='ocrx_word' id='word_1_2' title='bbox 655 351 692 408; x_wconf 80' lang='grc'>4</span> <span class='ocrx_word' id='word_1_3' title='bbox 1105 337 1277 409; x_wconf 78' lang='lat' dir='ltr'>Epist.</span> <span class='ocrx_word' id='word_1_4' title='bbox 1315 323 1454 409; x_wconf 41' lang='lat' dir='ltr'>crit„</span> <span class='ocrx_word' id='word_1_5' title='bbox 1508 319 1767 403; x_wconf 49' lang='lat' dir='ltr'>(Theocrit-</span> <span class='ocrx_word' id='word_1_6' title='bbox 1803 333 1886 387; x_wconf 76' lang='lat' dir='ltr'>Id.</span> <span class='ocrx_word' id='word_1_7' title='bbox 1909 331 1954 387; x_wconf 85' lang='lat' dir='ltr'>I.</span> <span class='ocrx_word' id='word_1_8' title='bbox 1990 336 2075 400; x_wconf 84' lang='lat'>95.</span> 
     </span>
    </p>
   </div>
   <div class='ocr_carea' id='block_1_3' title="bbox 654 460 2528 587">
    <p class='ocr_par' dir='ltr' id='par_1_3' title="bbox 654 460 2528 587">
     <span class='ocr_line' id='line_1_3' title="bbox 658 460 2528 519; baseline -0.003 -7"><span class='ocrx_word' id='word_1_9' title='bbox 658 469 864 512; x_wconf 86' lang='lat' dir='ltr'>Criticae</span> <span class='ocrx_word' id='word_1_10' title='bbox 896 477 1066 509; x_wconf 85' lang='lat' dir='ltr'>numen</span> <span class='ocrx_word' id='word_1_11' title='bbox 1100 468 1230 509; x_wconf 80' lang='lat' dir='ltr'>vanis</span> <span class='ocrx_word' id='word_1_12' title='bbox 1269 465 1602 517; x_wconf 78' lang='lat' dir='ltr'>vocabulorum</span> <span class='ocrx_word' id='word_1_13' title='bbox 1632 462 1905 519; x_wconf 78' lang='lat' dir='ltr'>imaginibus</span> <span class='ocrx_word' id='word_1_14' title='bbox 1950 464 2252 517; x_wconf 79' lang='lat' dir='ltr'><strong>interpretem</strong></span> <span class='ocrx_word' id='word_1_15' title='bbox 2285 473 2416 506; x_wconf 85' lang='lat' dir='ltr'>suum</span> <span class='ocrx_word' id='word_1_16' title='bbox 2446 460 2528 506; x_wconf 86' lang='lat' dir='ltr'>de-</span> 
     </span>
     <span class='ocr_line' id='line_1_4' title="bbox 654 530 2295 587; baseline -0.003 -1"><span class='ocrx_word' id='word_1_17' title='bbox 654 544 816 587; x_wconf 85' lang='lat' dir='ltr'><strong>ludere</strong></span> <span class='ocrx_word' id='word_1_18' title='bbox 850 545 898 586; x_wconf 88' lang='lat' dir='ltr'>in</span> <span class='ocrx_word' id='word_1_19' title='bbox 929 542 1158 586; x_wconf 81' lang='lat' dir='ltr'>infinitum</span> <span class='ocrx_word' id='word_1_20' title='bbox 1194 542 1396 585; x_wconf 86' lang='lat' dir='ltr'>videtur.</span> <span class='ocrx_word' id='word_1_21' title='bbox 2249 530 2262 538; x_wconf 42' lang='lat'>²</span> <span class='ocrx_word' id='word_1_22' title='bbox 2291 547 2295 551; x_wconf 84' lang='grc'><strong>“</strong></span> 
     </span>
    </p>
   </div>
   <div class='ocr_carea' id='block_1_4' title="bbox 651 664 2535 2532">
    <p class='ocr_par' dir='ltr' id='par_1_4' title="bbox 789 664 2529 728">
     <span class='ocr_line' id='line_1_5' title="bbox 789 664 2529 728; baseline -0.003 -17"><span class='ocrx_word' id='word_1_23' title='bbox 789 673 888 723; x_wconf 82' lang='lat' dir='ltr'>Ita,</span> <span class='ocrx_word' id='word_1_24' title='bbox 940 673 992 711; x_wconf 91' lang='lat' dir='ltr'>ut</span> <span class='ocrx_word' id='word_1_25' title='bbox 1039 668 1128 724; x_wconf 80' lang='lat' dir='ltr'>jam</span> <span class='ocrx_word' id='word_1_26' title='bbox 1179 667 1336 709; x_wconf 85' lang='lat' dir='ltr'>ordine</span> <span class='ocrx_word' id='word_1_27' title='bbox 1385 680 1484 709; x_wconf 88' lang='lat' dir='ltr'>rem</span> <span class='ocrx_word' id='word_1_28' title='bbox 1536 665 1878 723; x_wconf 80' lang='lat' dir='ltr'>aggrediamur,</span> <span class='ocrx_word' id='word_1_29' title='bbox 1926 664 2102 709; x_wconf 83' lang='lat' dir='ltr'>multae</span> <span class='ocrx_word' id='word_1_30' title='bbox 2133 664 2385 728; x_wconf 69' lang='lat' dir='ltr'>multorum</span> <span class='ocrx_word' id='word_1_31' title='bbox 2419 664 2529 708; x_wconf 74' lang='lat' dir='ltr'>co&#39;n·</span> 
     </span>
    </p>

    <p class='ocr_par' dir='ltr' id='par_1_5' title="bbox 653 736 2534 1445">
     <span class='ocr_line' id='line_1_6' title="bbox 657 736 2025 806; baseline -0.004 -17"><span class='ocrx_word' id='word_1_32' title='bbox 657 750 863 805; x_wconf 81' lang='lat' dir='ltr'>jecturae</span> <span class='ocrx_word' id='word_1_33' title='bbox 896 749 1113 802; x_wconf 84' lang='lat' dir='ltr'>prostant</span> <span class='ocrx_word' id='word_1_34' title='bbox 1144 748 1191 785; x_wconf 95' lang='lat' dir='ltr'>in</span> <span class='ocrx_word' id='word_1_35' title='bbox 1222 742 1423 785; x_wconf 86' lang='lat' dir='ltr'>Theocr.</span> <span class='ocrx_word' id='word_1_36' title='bbox 1455 743 1526 785; x_wconf 86' lang='lat' dir='ltr'>ld.</span> <span class='ocrx_word' id='word_1_37' title='bbox 1544 748 1583 785; x_wconf 90' lang='lat'>1.</span> <span class='ocrx_word' id='word_1_38' title='bbox 1617 756 1672 806; x_wconf 75' lang='grc' dir='ltr'>ν.</span> <span class='ocrx_word' id='word_1_39' title='bbox 1692 740 1774 800; x_wconf 86' lang='grc'>95.</span> <span class='ocrx_word' id='word_1_40' title='bbox 2000 736 2025 747; x_wconf 81' lang='grc'><em>”</em></span> 
     </span>
     <span class='ocr_line' id='line_1_7' title="bbox 927 825 2228 901; baseline 0.002 -24"><span class='ocrx_word' id='word_1_41' title='bbox 927 828 1043 889; x_wconf 55' lang='grc' dir='ltr'>ἤθε’</span> <span class='ocrx_word' id='word_1_42' title='bbox 1074 849 1131 892; x_wconf 64' lang='grc' dir='ltr'>’γε</span> <span class='ocrx_word' id='word_1_43' title='bbox 1164 827 1251 893; x_wconf 73' lang='grc' dir='ltr'>μοὲν</span> <span class='ocrx_word' id='word_1_44' title='bbox 1285 825 1419 879; x_wconf 75' lang='grc' dir='ltr'><em>οὶδέἰοι</em></span> <span class='ocrx_word' id='word_1_45' title='bbox 1450 828 1526 893; x_wconf 63' lang='grc' dir='ltr'>κα)</span> <span class='ocrx_word' id='word_1_46' title='bbox 1559 830 1591 878; x_wconf 75' lang='grc' dir='ltr'>αἱ</span> <span class='ocrx_word' id='word_1_47' title='bbox 1624 827 1793 894; x_wconf 67' lang='grc' dir='ltr'>Κύπρις</span> <span class='ocrx_word' id='word_1_48' title='bbox 1824 830 2078 892; x_wconf 55' lang='lat' dir='ltr'>vendosam,</span> <span class='ocrx_word' id='word_1_49' title='bbox 2225 898 2228 901; x_wconf 16' lang='grc' dir='ltr'>ι</span> 
     </span>
     <span class='ocr_line' id='line_1_8' title="bbox 657 916 2532 986; baseline 0 -16"><span class='ocrx_word' id='word_1_50' title='bbox 657 927 734 970; x_wconf 89' lang='lat' dir='ltr'>ubi</span> <span class='ocrx_word' id='word_1_51' title='bbox 768 924 884 967; x_wconf 87' lang='lat' dir='ltr'>illud</span> <span class='ocrx_word' id='word_1_52' title='bbox 916 917 1043 971; x_wconf 70' lang='grc' dir='ltr'><em>οέὸἐὲόι</em></span> <span class='ocrx_word' id='word_1_53' title='bbox 1078 922 1249 986; x_wconf 74' lang='grc' dir='ltr'><strong><em>γελᾷν,</em></strong></span> <span class='ocrx_word' id='word_1_54' title='bbox 1285 925 1325 964; x_wconf 89' lang='lat' dir='ltr'>si</span> <span class='ocrx_word' id='word_1_55' title='bbox 1365 922 1441 966; x_wconf 90' lang='lat' dir='ltr'>vel</span> <span class='ocrx_word' id='word_1_56' title='bbox 1473 924 1674 966; x_wconf 79' lang='lat' dir='ltr'>maxime</span> <span class='ocrx_word' id='word_1_57' title='bbox 1707 916 1835 970; x_wconf 65' lang='lat' dir='ltr'><em>0283ae</em></span> <span class='ocrx_word' id='word_1_58' title='bbox 1867 927 2023 967; x_wconf 84' lang='lat' dir='ltr'>neutr·</span> <span class='ocrx_word' id='word_1_59' title='bbox 2043 922 2168 980; x_wconf 81' lang='lat' dir='ltr'>plur·</span> <span class='ocrx_word' id='word_1_60' title='bbox 2204 936 2288 980; x_wconf 85' lang='lat' dir='ltr'>per</span> <span class='ocrx_word' id='word_1_61' title='bbox 2320 935 2368 975; x_wconf 78' lang='lat' dir='ltr'>se</span> <span class='ocrx_word' id='word_1_62' title='bbox 2403 929 2532 982; x_wconf 83' lang='lat' dir='ltr'>recte</span> 
     </span>
     <span class='ocr_line' id='line_1_9' title="bbox 654 998 2531 1057; baseline -0.002 -12"><span class='ocrx_word' id='word_1_63' title='bbox 654 1005 856 1054; x_wconf 88' lang='lat' dir='ltr'>dicatur,</span> <span class='ocrx_word' id='word_1_64' title='bbox 910 1002 1078 1044; x_wconf 87' lang='lat' dir='ltr'>Veneri</span> <span class='ocrx_word' id='word_1_65' title='bbox 1112 1000 1363 1055; x_wconf 81' lang='lat' dir='ltr'>malignum</span> <span class='ocrx_word' id='word_1_66' title='bbox 1396 999 1471 1041; x_wconf 89' lang='lat' dir='ltr'>hic</span> <span class='ocrx_word' id='word_1_67' title='bbox 1504 998 1705 1054; x_wconf 66' lang='lat' dir='ltr'>ridenti,</span> <span class='ocrx_word' id='word_1_68' title='bbox 1756 1004 1810 1042; x_wconf 87' lang='lat' dir='ltr'>ut</span> <span class='ocrx_word' id='word_1_69' title='bbox 1850 1013 1959 1043; x_wconf 82' lang='lat' dir='ltr'>vere</span> <span class='ocrx_word' id='word_1_70' title='bbox 2008 1012 2036 1042; x_wconf 90' lang='lat' dir='ltr'>a</span> <span class='ocrx_word' id='word_1_71' title='bbox 2069 1000 2246 1042; x_wconf 83' lang='lat' dir='ltr'>Graeco</span> <span class='ocrx_word' id='word_1_72' title='bbox 2278 1002 2531 1057; x_wconf 85' lang='lat' dir='ltr'>interprete</span> 
     </span>
     <span class='ocr_line' id='line_1_10' title="bbox 657 1056 2534 1137; baseline -0.001 -15"><span class='ocrx_word' id='word_1_73' title='bbox 657 1080 984 1130; x_wconf 86' lang='lat' dir='ltr'>observatum,</span> <span class='ocrx_word' id='word_1_74' title='bbox 1019 1072 1111 1117; x_wconf 84' lang='lat' dir='ltr'>non</span> <span class='ocrx_word' id='word_1_75' title='bbox 1145 1078 1287 1132; x_wconf 85' lang='lat' dir='ltr'>magis</span> <span class='ocrx_word' id='word_1_76' title='bbox 1320 1077 1560 1127; x_wconf 85' lang='lat' dir='ltr'>convenit,</span> <span class='ocrx_word' id='word_1_77' title='bbox 1593 1056 1732 1132; x_wconf 63' lang='lat' dir='ltr'>finam</span> <span class='ocrx_word' id='word_1_78' title='bbox 1768 1074 1997 1121; x_wconf 78' lang='lat' dir='ltr'>Ruhnkenii</span> <span class='ocrx_word' id='word_1_79' title='bbox 2029 1069 2190 1130; x_wconf 69' lang='grc' dir='ltr'><em>ἥδιστα</em></span> <span class='ocrx_word' id='word_1_80' title='bbox 2222 1075 2389 1137; x_wconf 72' lang='grc' dir='ltr'><strong>γελᾷν.</strong></span> <span class='ocrx_word' id='word_1_81' title='bbox 2469 1080 2534 1121; x_wconf 84' lang='lat' dir='ltr'>Ut</span> 
     </span>
     <span class='ocr_line' id='line_1_11' title="bbox 656 1149 2531 1210; baseline 0 -13"><span class='ocrx_word' id='word_1_82' title='bbox 656 1159 778 1199; x_wconf 89' lang='lat' dir='ltr'>enim</span> <span class='ocrx_word' id='word_1_83' title='bbox 810 1149 966 1206; x_wconf 66' lang='grc' dir='ltr'>ἁδεῖα,</span> <span class='ocrx_word' id='word_1_84' title='bbox 1004 1159 1156 1197; x_wconf 86' lang='lat' dir='ltr'>neutr.</span> <span class='ocrx_word' id='word_1_85' title='bbox 1176 1153 1244 1209; x_wconf 86' lang='lat' dir='ltr'>pl.</span> <span class='ocrx_word' id='word_1_86' title='bbox 1278 1167 1364 1210; x_wconf 89' lang='lat' dir='ltr'>per</span> <span class='ocrx_word' id='word_1_87' title='bbox 1397 1165 1445 1195; x_wconf 89' lang='lat' dir='ltr'>se</span> <span class='ocrx_word' id='word_1_88' title='bbox 1480 1152 1572 1195; x_wconf 88' lang='lat' dir='ltr'>dici</span> <span class='ocrx_word' id='word_1_89' title='bbox 1604 1166 1742 1208; x_wconf 89' lang='lat' dir='ltr'>posse</span> <span class='ocrx_word' id='word_1_90' title='bbox 1774 1159 1937 1210; x_wconf 84' lang='lat' dir='ltr'>putes,</span> <span class='ocrx_word' id='word_1_91' title='bbox 1969 1154 2130 1198; x_wconf 86' lang='lat' dir='ltr'>suadet</span> <span class='ocrx_word' id='word_1_92' title='bbox 2161 1154 2290 1197; x_wconf 84' lang='lat' dir='ltr'>locus</span> <span class='ocrx_word' id='word_1_93' title='bbox 2310 1153 2531 1210; x_wconf 87' lang='lat' dir='ltr'>Sophocl.</span> 
     </span>
     <span class='ocr_line' id='line_1_12' title="bbox 653 1223 2532 1293; baseline 0.001 -20"><span class='ocrx_word' id='word_1_94' title='bbox 653 1232 822 1293; x_wconf 70' lang='lat' dir='ltr'>Trach.</span> <span class='ocrx_word' id='word_1_95' title='bbox 857 1247 906 1273; x_wconf 88' lang='lat' dir='ltr'>v.</span> <span class='ocrx_word' id='word_1_96' title='bbox 946 1244 1054 1273; x_wconf 84' lang='lat'><strong>122.</strong></span> <span class='ocrx_word' id='word_1_97' title='bbox 1089 1243 1127 1273; x_wconf 85' lang='lat' dir='ltr'>s·</span> <span class='ocrx_word' id='word_1_98' title='bbox 1161 1224 1290 1278; x_wconf 63' lang='lat' dir='ltr'><em>0235ae</em></span> <span class='ocrx_word' id='word_1_99' title='bbox 1321 1228 1429 1291; x_wconf 74' lang='grc' dir='ltr'><strong><em>μὲν,</em></strong></span> <span class='ocrx_word' id='word_1_100' title='bbox 1462 1226 1599 1276; x_wconf 69' lang='grc' dir='ltr'>ἀντίοι</span> <span class='ocrx_word' id='word_1_101' title='bbox 1632 1223 1682 1276; x_wconf 73' lang='grc' dir='ltr'>δ’</span> <span class='ocrx_word' id='word_1_102' title='bbox 1713 1227 1840 1285; x_wconf 74' lang='grc' dir='ltr'><strong><em>οἴσω,</em></strong></span> <span class='ocrx_word' id='word_1_103' title='bbox 1889 1231 2097 1288; x_wconf 30' lang='lat' dir='ltr'>etxquod</span> <span class='ocrx_word' id='word_1_104' title='bbox 2128 1245 2206 1287; x_wconf 84' lang='lat' dir='ltr'>ap.</span> <span class='ocrx_word' id='word_1_105' title='bbox 2240 1234 2371 1275; x_wconf 75' lang='lat' dir='ltr'>Atat.</span> <span class='ocrx_word' id='word_1_106' title='bbox 2404 1235 2532 1276; x_wconf 85' lang='lat' dir='ltr'>Dios.</span> 
     </span>
     <span class='ocr_line' id='line_1_13' title="bbox 655 1308 2512 1363; baseline -0.003 -9"><span class='ocrx_word' id='word_1_107' title='bbox 655 1308 767 1354; x_wconf 81' lang='grc'><strong>336.</strong></span> <span class='ocrx_word' id='word_1_108' title='bbox 805 1309 1004 1363; x_wconf 83' lang='lat' dir='ltr'>legitur:</span> <span class='ocrx_word' id='word_1_109' title='bbox 2509 1317 2512 1319; x_wconf 74' lang='grc'><strong><em>’</em></strong></span> 
     </span>
     <span class='ocr_line' id='line_1_14' title="bbox 924 1374 2082 1445; baseline -0.002 -13"><span class='ocrx_word' id='word_1_110' title='bbox 924 1381 1105 1438; x_wconf 69' lang='grc' dir='ltr'>θήλειαι</span> <span class='ocrx_word' id='word_1_111' title='bbox 1140 1378 1182 1431; x_wconf 67' lang='grc' dir='ltr'>δὲ</span> <span class='ocrx_word' id='word_1_112' title='bbox 1219 1374 1350 1439; x_wconf 49' lang='grc' dir='ltr'>σῦες.</span> <span class='ocrx_word' id='word_1_113' title='bbox 1383 1382 1555 1437; x_wconf 69' lang='grc' dir='ltr'>θήλειαι</span> <span class='ocrx_word' id='word_1_114' title='bbox 1585 1378 1628 1431; x_wconf 67' lang='grc' dir='ltr'>δὲ</span> <span class='ocrx_word' id='word_1_115' title='bbox 1660 1383 1790 1443; x_wconf 68' lang='grc' dir='ltr'>μῆλα</span> <span class='ocrx_word' id='word_1_116' title='bbox 1820 1378 1895 1445; x_wconf 59' lang='grc' dir='ltr'>καὶ</span> <span class='ocrx_word' id='word_1_117' title='bbox 1929 1376 2082 1443; x_wconf 63' lang='grc' dir='ltr'>αἶγες,</span> 
     </span>
    </p>

    <p class='ocr_par' dir='ltr' id='par_1_6' title="bbox 651 1473 2535 2532">
     <span class='ocr_line' id='line_1_15' title="bbox 654 1473 2533 1535; baseline 0 -16"><span class='ocrx_word' id='word_1_118' title='bbox 654 1479 744 1519; x_wconf 82' lang='lat' dir='ltr'>etsi</span> <span class='ocrx_word' id='word_1_119' title='bbox 777 1491 868 1519; x_wconf 89' lang='lat' dir='ltr'>non</span> <span class='ocrx_word' id='word_1_120' title='bbox 902 1480 1086 1532; x_wconf 89' lang='lat' dir='ltr'>putem,</span> <span class='ocrx_word' id='word_1_121' title='bbox 1146 1474 1260 1516; x_wconf 78' lang='lat' dir='ltr'>haec</span> <span class='ocrx_word' id='word_1_122' title='bbox 1309 1479 1471 1535; x_wconf 75' lang='lat' dir='ltr'>neutra</span> <span class='ocrx_word' id='word_1_123' title='bbox 1522 1488 1549 1517; x_wconf 86' lang='lat' dir='ltr'>a</span> <span class='ocrx_word' id='word_1_124' title='bbox 1596 1474 1755 1517; x_wconf 84' lang='lat' dir='ltr'>formis</span> <span class='ocrx_word' id='word_1_125' title='bbox 1803 1477 1851 1516; x_wconf 89' lang='lat' dir='ltr'>in</span> <span class='ocrx_word' id='word_1_126' title='bbox 1904 1493 1955 1520; x_wconf 78' lang='grc' dir='ltr'>υς</span> <span class='ocrx_word' id='word_1_127' title='bbox 2005 1473 2255 1518; x_wconf 85' lang='lat' dir='ltr'>derivanda</span> <span class='ocrx_word' id='word_1_128' title='bbox 2302 1487 2427 1529; x_wconf 86' lang='lat' dir='ltr'>esse,</span> <span class='ocrx_word' id='word_1_129' title='bbox 2478 1479 2533 1519; x_wconf 88' lang='lat' dir='ltr'>ut</span> 
     </span>
     <span class='ocr_line' id='line_1_16' title="bbox 654 1550 2533 1608; baseline -0.002 -12"><span class='ocrx_word' id='word_1_130' title='bbox 654 1555 798 1608; x_wconf 86' lang='lat' dir='ltr'>vulgo</span> <span class='ocrx_word' id='word_1_131' title='bbox 831 1553 981 1595; x_wconf 86' lang='lat' dir='ltr'>facere</span> <span class='ocrx_word' id='word_1_132' title='bbox 1016 1550 1183 1593; x_wconf 87' lang='lat' dir='ltr'>solent.</span> <span class='ocrx_word' id='word_1_133' title='bbox 1251 1551 1477 1605; x_wconf 78' lang='lat' dir='ltr'>Videntur</span> <span class='ocrx_word' id='word_1_134' title='bbox 1513 1552 1696 1605; x_wconf 81' lang='lat' dir='ltr'>potius,</span> <span class='ocrx_word' id='word_1_135' title='bbox 1744 1553 1791 1592; x_wconf 89' lang='lat' dir='ltr'>in</span> <span class='ocrx_word' id='word_1_136' title='bbox 1832 1551 2105 1607; x_wconf 87' lang='lat' dir='ltr'>quibusdam</span> <span class='ocrx_word' id='word_1_137' title='bbox 2155 1556 2290 1599; x_wconf 14' lang='lat' dir='ltr'>certe*</span> <span class='ocrx_word' id='word_1_138' title='bbox 2334 1552 2533 1606; x_wconf 82' lang='lat' dir='ltr'><strong>casibus,</strong></span> 
     </span>
     <span class='ocr_line' id='line_1_17' title="bbox 654 1626 2534 1686; baseline -0.001 -15"><span class='ocrx_word' id='word_1_139' title='bbox 654 1629 869 1686; x_wconf 85' lang='lat' dir='ltr'>formae,</span> <span class='ocrx_word' id='word_1_140' title='bbox 915 1641 943 1669; x_wconf 85' lang='lat' dir='ltr'>a</span> <span class='ocrx_word' id='word_1_141' title='bbox 975 1627 1233 1669; x_wconf 87' lang='lat' dir='ltr'>foemininis</span> <span class='ocrx_word' id='word_1_142' title='bbox 1266 1627 1534 1681; x_wconf 88' lang='lat' dir='ltr'>derivatae,</span> <span class='ocrx_word' id='word_1_143' title='bbox 1586 1626 1647 1686; x_wconf 42' lang='lat' dir='ltr'>in..</span> <span class='ocrx_word' id='word_1_144' title='bbox 1672 1644 1756 1671; x_wconf 74' lang='grc' dir='ltr'>ειυς</span> <span class='ocrx_word' id='word_1_145' title='bbox 1806 1632 1945 1673; x_wconf 74' lang='lat' dir='ltr'>et‘aoc</span> <span class='ocrx_word' id='word_1_146' title='bbox 1978 1628 2133 1669; x_wconf 82' lang='lat' dir='ltr'>locum</span> <span class='ocrx_word' id='word_1_147' title='bbox 2181 1627 2395 1669; x_wconf 87' lang='lat' dir='ltr'>habuisse</span> <span class='ocrx_word' id='word_1_148' title='bbox 2416 1657 2432 1682; x_wconf 87' lang='lat'><strong><em>,</em></strong></span> <span class='ocrx_word' id='word_1_149' title='bbox 2480 1633 2534 1670; x_wconf 90' lang='lat' dir='ltr'>ut</span> 
     </span>
     <span class='ocr_line' id='line_1_18' title="bbox 653 1700 2532 1765; baseline 0.002 -23"><span class='ocrx_word' id='word_1_150' title='bbox 653 1701 837 1765; x_wconf 57' lang='grc' dir='ltr'>’γλύκων</span> <span class='ocrx_word' id='word_1_151' title='bbox 870 1701 1008 1750; x_wconf 61' lang='grc' dir='ltr'><strong><em>ποτόν</em></strong></span> <span class='ocrx_word' id='word_1_152' title='bbox 1056 1702 1277 1744; x_wconf 83' lang='lat' dir='ltr'>habemus</span> <span class='ocrx_word' id='word_1_153' title='bbox 1324 1715 1479 1743; x_wconf 89' lang='lat' dir='ltr'>rursus</span> <span class='ocrx_word' id='word_1_154' title='bbox 1520 1716 1598 1759; x_wconf 83' lang='lat' dir='ltr'>ap.</span> <span class='ocrx_word' id='word_1_155' title='bbox 1634 1700 1853 1759; x_wconf 84' lang='lat' dir='ltr'>Sophocl.</span> <span class='ocrx_word' id='word_1_156' title='bbox 1886 1702 2084 1747; x_wconf 86' lang='lat' dir='ltr'>Philoct.</span> <span class='ocrx_word' id='word_1_157' title='bbox 2127 1703 2268 1760; x_wconf 80' lang='lat'><strong>1439.</strong></span> <span class='ocrx_word' id='word_1_158' title='bbox 2355 1707 2426 1746; x_wconf 88' lang='lat' dir='ltr'>Ita</span> <span class='ocrx_word' id='word_1_159' title='bbox 2464 1706 2532 1745; x_wconf 89' lang='lat' dir='ltr'>in-</span> 
     </span>
     <span class='ocr_line' id='line_1_19' title="bbox 653 1774 2535 1843; baseline -0.001 -19"><span class='ocrx_word' id='word_1_160' title='bbox 653 1784 812 1840; x_wconf 85' lang='lat' dir='ltr'>primis</span> <span class='ocrx_word' id='word_1_161' title='bbox 846 1778 1087 1837; x_wconf 76' lang='lat' dir='ltr'>probabile</span> <span class='ocrx_word' id='word_1_162' title='bbox 1122 1782 1219 1831; x_wconf 87' lang='lat' dir='ltr'>est,</span> <span class='ocrx_word' id='word_1_163' title='bbox 1270 1781 1482 1820; x_wconf 83' lang='lat' dir='ltr'>extitisse</span> <span class='ocrx_word' id='word_1_164' title='bbox 1515 1774 1719 1832; x_wconf 73' lang='grc' dir='ltr'>θῆλειος,</span> <span class='ocrx_word' id='word_1_165' title='bbox 1768 1777 1971 1835; x_wconf 66' lang='grc' dir='ltr'>θήλεαν,</span> <span class='ocrx_word' id='word_1_166' title='bbox 2022 1794 2113 1843; x_wconf 88' lang='lat' dir='ltr'>quo</span> <span class='ocrx_word' id='word_1_167' title='bbox 2162 1780 2390 1823; x_wconf 88' lang='lat' dir='ltr'>indirecte</span> <span class='ocrx_word' id='word_1_168' title='bbox 2425 1793 2535 1823; x_wconf 87' lang='lat' dir='ltr'>ana-</span> 
     </span>
     <span class='ocr_line' id='line_1_20' title="bbox 652 1848 2530 1916; baseline -0.002 -14"><span class='ocrx_word' id='word_1_169' title='bbox 652 1859 780 1916; x_wconf 86' lang='lat' dir='ltr'>logia</span> <span class='ocrx_word' id='word_1_170' title='bbox 830 1871 936 1900; x_wconf 90' lang='lat' dir='ltr'>cum</span> <span class='ocrx_word' id='word_1_171' title='bbox 986 1854 1257 1914; x_wconf 68' lang='grc' dir='ltr'>γυναικεῖος,</span> <span class='ocrx_word' id='word_1_172' title='bbox 1310 1848 1522 1915; x_wconf 70' lang='grc' dir='ltr'><strong><em>οἷνδςὲἶος,</em></strong></span> <span class='ocrx_word' id='word_1_173' title='bbox 1573 1850 1878 1916; x_wconf 68' lang='grc' dir='ltr'>οἱνθροίπειος,</span> <span class='ocrx_word' id='word_1_174' title='bbox 1929 1856 2012 1900; x_wconf 85' lang='lat' dir='ltr'>all.</span> <span class='ocrx_word' id='word_1_175' title='bbox 2056 1857 2223 1901; x_wconf 90' lang='lat' dir='ltr'>ducere</span> <span class='ocrx_word' id='word_1_176' title='bbox 2270 1856 2530 1901; x_wconf 82' lang='lat' dir='ltr'>videbatur.</span> 
     </span>
     <span class='ocr_line' id='line_1_21' title="bbox 653 1926 2531 1994; baseline -0.002 -12"><span class='ocrx_word' id='word_1_177' title='bbox 653 1940 789 1982; x_wconf 81' lang='lat' dir='ltr'>Nunc</span> <span class='ocrx_word' id='word_1_178' title='bbox 825 1948 937 1978; x_wconf 86' lang='lat' dir='ltr'>vero</span> <span class='ocrx_word' id='word_1_179' title='bbox 969 1926 1098 1981; x_wconf 71' lang='grc' dir='ltr'><strong><em>οἱὸεῗω</em></strong></span> <span class='ocrx_word' id='word_1_180' title='bbox 1143 1931 1293 1994; x_wconf 71' lang='grc' dir='ltr'><strong><em>’γελᾷν</em></strong></span> <span class='ocrx_word' id='word_1_181' title='bbox 1344 1935 1496 1976; x_wconf 88' lang='lat' dir='ltr'>sensui</span> <span class='ocrx_word' id='word_1_182' title='bbox 1529 1947 1621 1978; x_wconf 89' lang='lat' dir='ltr'>non</span> <span class='ocrx_word' id='word_1_183' title='bbox 1653 1937 1889 1977; x_wconf 85' lang='lat' dir='ltr'>convenit.</span> <span class='ocrx_word' id='word_1_184' title='bbox 1959 1936 2105 1989; x_wconf 84' lang='lat' dir='ltr'>Quam</span> <span class='ocrx_word' id='word_1_185' title='bbox 2138 1935 2196 1977; x_wconf 91' lang='lat' dir='ltr'>ob</span> <span class='ocrx_word' id='word_1_186' title='bbox 2235 1947 2419 1977; x_wconf 82' lang='lat' dir='ltr'>causam</span> <span class='ocrx_word' id='word_1_187' title='bbox 2454 1948 2531 1978; x_wconf 90' lang='lat' dir='ltr'>ne-</span> 
     </span>
     <span class='ocr_line' id='line_1_22' title="bbox 654 2002 2532 2071; baseline 0 -18"><span class='ocrx_word' id='word_1_188' title='bbox 654 2029 746 2071; x_wconf 86' lang='lat' dir='ltr'>que</span> <span class='ocrx_word' id='word_1_189' title='bbox 779 2015 881 2068; x_wconf 84' lang='lat' dir='ltr'>ipsa</span> <span class='ocrx_word' id='word_1_190' title='bbox 913 2015 1067 2055; x_wconf 90' lang='lat' dir='ltr'>Venus</span> <span class='ocrx_word' id='word_1_191' title='bbox 1102 2014 1210 2067; x_wconf 83' lang='lat' dir='ltr'>apte</span> <span class='ocrx_word' id='word_1_192' title='bbox 1244 2009 1321 2052; x_wconf 88' lang='lat' dir='ltr'>hic</span> <span class='ocrx_word' id='word_1_193' title='bbox 1355 2005 1512 2067; x_wconf 70' lang='grc' dir='ltr'><strong><em>οὲδέἷα,</em></strong></span> <span class='ocrx_word' id='word_1_194' title='bbox 1546 2002 1686 2053; x_wconf 75' lang='lat' dir='ltr'>foem&#39;.</span> <span class='ocrx_word' id='word_1_195' title='bbox 1724 2014 1840 2067; x_wconf 84' lang='lat' dir='ltr'>sing.</span> <span class='ocrx_word' id='word_1_196' title='bbox 1877 2011 2136 2065; x_wconf 75' lang='lat' dir='ltr'>diceretur-3</span> <span class='ocrx_word' id='word_1_197' title='bbox 2186 2016 2239 2055; x_wconf 88' lang='lat' dir='ltr'>ut</span> <span class='ocrx_word' id='word_1_198' title='bbox 2270 2012 2328 2053; x_wconf 93' lang='lat' dir='ltr'>de</span> <span class='ocrx_word' id='word_1_199' title='bbox 2360 2013 2532 2068; x_wconf 85' lang='lat' dir='ltr'>impor-</span> 
     </span>
     <span class='ocr_line' id='line_1_23' title="bbox 652 2081 2533 2143; baseline -0.001 -9"><span class='ocrx_word' id='word_1_200' title='bbox 652 2095 766 2134; x_wconf 84' lang='lat' dir='ltr'>tuna</span> <span class='ocrx_word' id='word_1_201' title='bbox 815 2086 1061 2131; x_wconf 87' lang='lat' dir='ltr'>verborum</span> <span class='ocrx_word' id='word_1_202' title='bbox 1112 2089 1342 2143; x_wconf 85' lang='lat' dir='ltr'>positione</span> <span class='ocrx_word' id='word_1_203' title='bbox 1389 2089 1482 2143; x_wconf 86' lang='lat' dir='ltr'>jam</span> <span class='ocrx_word' id='word_1_204' title='bbox 1529 2087 1648 2132; x_wconf 87' lang='lat' dir='ltr'>nihil</span> <span class='ocrx_word' id='word_1_205' title='bbox 1697 2089 1868 2143; x_wconf 81' lang='lat' dir='ltr'>dicam.</span> <span class='ocrx_word' id='word_1_206' title='bbox 1952 2087 2086 2143; x_wconf 86' lang='lat' dir='ltr'>Quod</span> <span class='ocrx_word' id='word_1_207' title='bbox 2127 2093 2282 2133; x_wconf 86' lang='lat' dir='ltr'>autem</span> <span class='ocrx_word' id='word_1_208' title='bbox 2324 2081 2533 2132; x_wconf 86' lang='lat' dir='ltr'>Gratama</span> 
     </span>
     <span class='ocr_line' id='line_1_24' title="bbox 651 2155 2529 2226; baseline 0.001 -17"><span class='ocrx_word' id='word_1_209' title='bbox 651 2166 873 2221; x_wconf 79' lang='lat' dir='ltr'>conjecit,</span> <span class='ocrx_word' id='word_1_210' title='bbox 909 2177 1020 2220; x_wconf 88' lang='lat' dir='ltr'>prae</span> <span class='ocrx_word' id='word_1_211' title='bbox 1053 2166 1249 2206; x_wconf 89' lang='lat' dir='ltr'>caeteris</span> <span class='ocrx_word' id='word_1_212' title='bbox 1283 2161 1525 2206; x_wconf 77' lang='lat' dir='ltr'>Valkenarr&#39;o</span> <span class='ocrx_word' id='word_1_213' title='bbox 1559 2165 1829 2220; x_wconf 84' lang='lat' dir='ltr'>probatum:</span> <span class='ocrx_word' id='word_1_214' title='bbox 1865 2158 1982 2217; x_wconf 68' lang='grc' dir='ltr'>ἤνθὲ</span> <span class='ocrx_word' id='word_1_215' title='bbox 2015 2181 2072 2223; x_wconf 70' lang='grc' dir='ltr'>’γε</span> <span class='ocrx_word' id='word_1_216' title='bbox 2105 2161 2196 2224; x_wconf 79' lang='grc' dir='ltr'>μοὶν</span> <span class='ocrx_word' id='word_1_217' title='bbox 2228 2155 2418 2226; x_wconf 54' lang='grc' dir='ltr'>λάθρη</span> <span class='ocrx_word' id='word_1_218' title='bbox 2455 2159 2529 2225; x_wconf 61' lang='grc' dir='ltr'>καὶ</span> 
     </span>
     <span class='ocr_line' id='line_1_25' title="bbox 652 2237 2532 2302; baseline -0.001 -13"><span class='ocrx_word' id='word_1_219' title='bbox 652 2241 686 2289; x_wconf 77' lang='grc' dir='ltr'>οἱ</span> <span class='ocrx_word' id='word_1_220' title='bbox 724 2249 770 2287; x_wconf 84' lang='grc' dir='ltr'>Κ.</span> <span class='ocrx_word' id='word_1_221' title='bbox 808 2259 861 2297; x_wconf 75' lang='lat' dir='ltr'>«y.</span> <span class='ocrx_word' id='word_1_222' title='bbox 895 2240 969 2293; x_wconf 90' lang='lat' dir='ltr'>id,</span> <span class='ocrx_word' id='word_1_223' title='bbox 1003 2243 1055 2282; x_wconf 91' lang='lat' dir='ltr'>ut</span> <span class='ocrx_word' id='word_1_224' title='bbox 1088 2238 1273 2294; x_wconf 79' lang='lat' dir='ltr'>elegans</span> <span class='ocrx_word' id='word_1_225' title='bbox 1308 2239 1455 2282; x_wconf 89' lang='lat' dir='ltr'>videri</span> <span class='ocrx_word' id='word_1_226' title='bbox 1489 2246 1671 2297; x_wconf 75' lang='lat' dir='ltr'>potest,</span> <span class='ocrx_word' id='word_1_227' title='bbox 1718 2246 1754 2284; x_wconf 92' lang='lat' dir='ltr'>si</span> <span class='ocrx_word' id='word_1_228' title='bbox 1786 2245 2036 2299; x_wconf 86' lang='lat' dir='ltr'>repetitum</span> <span class='ocrx_word' id='word_1_229' title='bbox 2071 2256 2169 2299; x_wconf 90' lang='lat' dir='ltr'>seq.</span> <span class='ocrx_word' id='word_1_230' title='bbox 2204 2256 2340 2286; x_wconf 89' lang='lat' dir='ltr'>versu</span> <span class='ocrx_word' id='word_1_231' title='bbox 2375 2237 2532 2302; x_wconf 68' lang='grc' dir='ltr'><em>λάθρη</em></span> 
     </span>
     <span class='ocr_line' id='line_1_26' title="bbox 655 2314 2530 2380; baseline 0.001 -18"><span class='ocrx_word' id='word_1_232' title='bbox 655 2323 919 2375; x_wconf 89' lang='lat' dir='ltr'>spectatur,</span> <span class='ocrx_word' id='word_1_233' title='bbox 951 2319 1032 2360; x_wconf 93' lang='lat' dir='ltr'>TU</span> <span class='ocrx_word' id='word_1_234' title='bbox 1063 2320 1242 2369; x_wconf 87' lang='lat' dir='ltr'>tamen,</span> <span class='ocrx_word' id='word_1_235' title='bbox 1278 2317 1357 2371; x_wconf 89' lang='lat' dir='ltr'>qui</span> <span class='ocrx_word' id='word_1_236' title='bbox 1391 2317 1535 2368; x_wconf 79' lang='lat' dir='ltr'>scias,</span> <span class='ocrx_word' id='word_1_237' title='bbox 1571 2317 1849 2373; x_wconf 86' lang='lat' dir='ltr'>productum</span> <span class='ocrx_word' id='word_1_238' title='bbox 1882 2323 1988 2363; x_wconf 92' lang='lat' dir='ltr'>ante</span> <span class='ocrx_word' id='word_1_239' title='bbox 2022 2319 2235 2364; x_wconf 86' lang='lat' dir='ltr'>vocalem</span> <span class='ocrx_word' id='word_1_240' title='bbox 2266 2314 2360 2377; x_wconf 64' lang='grc' dir='ltr'>καί,</span> <span class='ocrx_word' id='word_1_241' title='bbox 2393 2319 2530 2380; x_wconf 80' lang='lat' dir='ltr'>idque</span> 
     </span>
     <span class='ocr_line' id='line_1_27' title="bbox 654 2391 2531 2452; baseline -0.001 -13"><span class='ocrx_word' id='word_1_242' title='bbox 654 2399 703 2439; x_wconf 91' lang='lat' dir='ltr'>in</span> <span class='ocrx_word' id='word_1_243' title='bbox 737 2395 858 2438; x_wconf 87' lang='lat' dir='ltr'>thesi</span> <span class='ocrx_word' id='word_1_244' title='bbox 891 2407 983 2436; x_wconf 90' lang='lat' dir='ltr'>non</span> <span class='ocrx_word' id='word_1_245' title='bbox 1017 2406 1044 2435; x_wconf 88' lang='lat' dir='ltr'>a</span> <span class='ocrx_word' id='word_1_246' title='bbox 1076 2391 1327 2435; x_wconf 90' lang='lat' dir='ltr'>Theocrito</span> <span class='ocrx_word' id='word_1_247' title='bbox 1361 2398 1540 2436; x_wconf 87' lang='lat' dir='ltr'>tantum</span> <span class='ocrx_word' id='word_1_248' title='bbox 1573 2397 1702 2451; x_wconf 86' lang='lat' dir='ltr'>ipso,</span> <span class='ocrx_word' id='word_1_249' title='bbox 1750 2396 1830 2438; x_wconf 90' lang='lat' dir='ltr'>sed</span> <span class='ocrx_word' id='word_1_250' title='bbox 1862 2396 2071 2438; x_wconf 88' lang='lat' dir='ltr'>omnibus</span> <span class='ocrx_word' id='word_1_251' title='bbox 2103 2396 2249 2448; x_wconf 91' lang='lat' dir='ltr'>adeo,</span> <span class='ocrx_word' id='word_1_252' title='bbox 2293 2411 2411 2452; x_wconf 88' lang='lat' dir='ltr'>quae</span> <span class='ocrx_word' id='word_1_253' title='bbox 2446 2396 2531 2438; x_wconf 86' lang='lat' dir='ltr'>sub</span> 
     </span>
     <span class='ocr_line' id='line_1_28' title="bbox 656 2468 2530 2532; baseline -0.001 -16"><span class='ocrx_word' id='word_1_254' title='bbox 656 2477 752 2532; x_wconf 91' lang='lat' dir='ltr'>ejus</span> <span class='ocrx_word' id='word_1_255' title='bbox 788 2471 970 2514; x_wconf 89' lang='lat' dir='ltr'>nomine</span> <span class='ocrx_word' id='word_1_256' title='bbox 1005 2468 1416 2522; x_wconf 88' lang='lat' dir='ltr'>circumferuntur,</span> <span class='ocrx_word' id='word_1_257' title='bbox 1450 2472 1727 2515; x_wconf 86' lang='lat' dir='ltr'>carminibus</span> <span class='ocrx_word' id='word_1_258' title='bbox 1760 2473 1897 2530; x_wconf 87' lang='lat' dir='ltr'>plane</span> <span class='ocrx_word' id='word_1_259' title='bbox 1930 2473 2131 2522; x_wconf 77' lang='lat' dir='ltr'>alienum</span> <span class='ocrx_word' id='word_1_260' title='bbox 2163 2485 2286 2525; x_wconf 86' lang='lat' dir='ltr'>esse,</span> <span class='ocrx_word' id='word_1_261' title='bbox 2340 2486 2431 2515; x_wconf 88' lang='lat' dir='ltr'>non</span> <span class='ocrx_word' id='word_1_262' title='bbox 2463 2472 2530 2514; x_wconf 89' lang='lat' dir='ltr'>fa-</span> 
     </span>
    </p>
   </div>
   <div class='ocr_carea' id='block_1_5' title="bbox 574 2547 2527 2611">
    <p class='ocr_par' dir='ltr' id='par_1_7' title="bbox 574 2547 2527 2611">
     <span class='ocr_line' id='line_1_29' title="bbox 574 2547 2527 2611; baseline -0.002 -17"><span class='ocrx_word' id='word_1_263' title='bbox 574 2583 581 2586; x_wconf 19' lang='lat' dir='ltr'>s</span> <span class='ocrx_word' id='word_1_264' title='bbox 654 2551 745 2595; x_wconf 86' lang='lat' dir='ltr'>cile</span> <span class='ocrx_word' id='word_1_265' title='bbox 780 2547 1063 2607; x_wconf 86' lang='lat' dir='ltr'>probaveris.</span> <span class='ocrx_word' id='word_1_266' title='bbox 1134 2550 1232 2588; x_wconf 83' lang='lat' dir='ltr'>Iam</span> <span class='ocrx_word' id='word_1_267' title='bbox 1264 2562 1378 2592; x_wconf 91' lang='lat' dir='ltr'>vero</span> <span class='ocrx_word' id='word_1_268' title='bbox 1411 2548 1661 2611; x_wconf 59' lang='grc' dir='ltr'>λαθραῖα,</span> <span class='ocrx_word' id='word_1_269' title='bbox 1709 2555 1760 2604; x_wconf 70' lang='lat' dir='ltr'>ut</span> <span class='ocrx_word' id='word_1_270' title='bbox 1792 2565 1870 2607; x_wconf 85' lang='lat' dir='ltr'>ap.</span> <span class='ocrx_word' id='word_1_271' title='bbox 1906 2553 2107 2594; x_wconf 89' lang='lat' dir='ltr'>Straton.</span> <span class='ocrx_word' id='word_1_272' title='bbox 2142 2564 2219 2607; x_wconf 91' lang='lat' dir='ltr'>ep.</span> <span class='ocrx_word' id='word_1_273' title='bbox 2253 2547 2326 2594; x_wconf 86' lang='lat'>16.</span> <span class='ocrx_word' id='word_1_274' title='bbox 2380 2552 2439 2591; x_wconf 84' lang='lat' dir='ltr'>A.</span> <span class='ocrx_word' id='word_1_275' title='bbox 2473 2552 2527 2591; x_wconf 87' lang='grc' dir='ltr'>Β.</span> 
     </span>
    </p>
   </div>
   <div class='ocr_carea' id='block_1_6' title="bbox 651 2618 2529 3092">
    <p class='ocr_par' dir='ltr' id='par_1_8' title="bbox 653 2618 2529 2845">
     <span class='ocr_line' id='line_1_30' title="bbox 653 2618 2529 2689; baseline -0.002 -19"><span class='ocrx_word' id='word_1_276' title='bbox 653 2632 718 2673; x_wconf 84' lang='lat'>11.</span> <span class='ocrx_word' id='word_1_277' title='bbox 755 2627 868 2671; x_wconf 77' lang='lat'><strong>362.</strong></span> <span class='ocrx_word' id='word_1_278' title='bbox 905 2618 971 2670; x_wconf 72' lang='grc' dir='ltr'>τοὶ</span> <span class='ocrx_word' id='word_1_279' title='bbox 1004 2624 1218 2685; x_wconf 63' lang='grc' dir='ltr'>λαθραῖα</span> <span class='ocrx_word' id='word_1_280' title='bbox 1239 2655 1253 2678; x_wconf 86' lang='grc'><em>,</em></span> <span class='ocrx_word' id='word_1_281' title='bbox 1308 2629 1538 2682; x_wconf 86' lang='lat' dir='ltr'>scribere,</span> <span class='ocrx_word' id='word_1_282' title='bbox 1580 2634 1628 2671; x_wconf 89' lang='lat' dir='ltr'>et</span> <span class='ocrx_word' id='word_1_283' title='bbox 1660 2643 1709 2671; x_wconf 88' lang='lat' dir='ltr'>v.</span> <span class='ocrx_word' id='word_1_284' title='bbox 1744 2641 1844 2685; x_wconf 89' lang='lat' dir='ltr'>seq.</span> <span class='ocrx_word' id='word_1_285' title='bbox 1876 2625 2056 2689; x_wconf 63' lang='grc' dir='ltr'>λάθρια</span> <span class='ocrx_word' id='word_1_286' title='bbox 2088 2630 2322 2684; x_wconf 86' lang='lat' dir='ltr'>recipere,</span> <span class='ocrx_word' id='word_1_287' title='bbox 2372 2628 2419 2667; x_wconf 91' lang='lat' dir='ltr'>id</span> <span class='ocrx_word' id='word_1_288' title='bbox 2451 2639 2529 2668; x_wconf 90' lang='lat' dir='ltr'>ne-</span> 
     </span>
     <span class='ocr_line' id='line_1_31' title="bbox 655 2703 2528 2762; baseline -0.001 -15"><span class='ocrx_word' id='word_1_289' title='bbox 655 2709 750 2748; x_wconf 89' lang='lat' dir='ltr'>scio</span> <span class='ocrx_word' id='word_1_290' title='bbox 784 2704 895 2760; x_wconf 90' lang='lat' dir='ltr'>quid</span> <span class='ocrx_word' id='word_1_291' title='bbox 930 2706 1191 2746; x_wconf 88' lang='lat' dir='ltr'>inconcinni</span> <span class='ocrx_word' id='word_1_292' title='bbox 1225 2709 1273 2746; x_wconf 91' lang='lat' dir='ltr'>et</span> <span class='ocrx_word' id='word_1_293' title='bbox 1304 2708 1487 2761; x_wconf 89' lang='lat' dir='ltr'>operosi</span> <span class='ocrx_word' id='word_1_294' title='bbox 1520 2707 1747 2748; x_wconf 86' lang='lat' dir='ltr'>continet.</span> <span class='ocrx_word' id='word_1_295' title='bbox 1817 2708 1861 2748; x_wconf 91' lang='lat' dir='ltr'>Si</span> <span class='ocrx_word' id='word_1_296' title='bbox 1894 2706 2171 2749; x_wconf 87' lang='lat' dir='ltr'>vocabulum</span> <span class='ocrx_word' id='word_1_297' title='bbox 2198 2703 2528 2762; x_wconf 59' lang='lat' dir='ltr'>quaerendum,</span> 
     </span>
     <span class='ocr_line' id='line_1_32' title="bbox 656 2781 2219 2845; baseline 0.003 -23"><span class='ocrx_word' id='word_1_298' title='bbox 656 2781 783 2838; x_wconf 89' lang='lat' dir='ltr'>quod</span> <span class='ocrx_word' id='word_1_299' title='bbox 815 2794 921 2822; x_wconf 90' lang='lat' dir='ltr'>cum</span> <span class='ocrx_word' id='word_1_300' title='bbox 953 2782 1098 2822; x_wconf 88' lang='lat' dir='ltr'>verbo</span> <span class='ocrx_word' id='word_1_301' title='bbox 1130 2782 1279 2845; x_wconf 70' lang='grc' dir='ltr'><strong>γελέξν</strong></span> <span class='ocrx_word' id='word_1_302' title='bbox 1313 2785 1634 2836; x_wconf 81' lang='lat' dir='ltr'>construatur,</span> <span class='ocrx_word' id='word_1_303' title='bbox 1667 2782 1846 2824; x_wconf 87' lang='lat' dir='ltr'>facilius</span> <span class='ocrx_word' id='word_1_304' title='bbox 1876 2796 1977 2825; x_wconf 82' lang='lat' dir='ltr'>esse</span> <span class='ocrx_word' id='word_1_305' title='bbox 2010 2783 2219 2826; x_wconf 81' lang='lat' dir='ltr'>videtur:</span> 
     </span>
    </p>

    <p class='ocr_par' dir='ltr' id='par_1_9' title="bbox 651 2849 2525 3092">
     <span class='ocr_line' id='line_1_33' title="bbox 920 2849 2163 2919; baseline 0.002 -16"><span class='ocrx_word' id='word_1_306' title='bbox 920 2849 1039 2910; x_wconf 67' lang='grc' dir='ltr'>ἦνθέ</span> <span class='ocrx_word' id='word_1_307' title='bbox 1069 2874 1126 2914; x_wconf 70' lang='grc' dir='ltr'>’γε</span> <span class='ocrx_word' id='word_1_308' title='bbox 1160 2852 1247 2916; x_wconf 74' lang='grc' dir='ltr'>μοέν</span> <span class='ocrx_word' id='word_1_309' title='bbox 1282 2852 1510 2917; x_wconf 65' lang='grc' dir='ltr'>ἀχρεῖα.</span> <span class='ocrx_word' id='word_1_310' title='bbox 1544 2852 1617 2915; x_wconf 66' lang='grc' dir='ltr'>κα)</span> <span class='ocrx_word' id='word_1_311' title='bbox 1648 2856 1679 2904; x_wconf 77' lang='grc' dir='ltr'>οἱ</span> <span class='ocrx_word' id='word_1_312' title='bbox 1712 2859 1881 2919; x_wconf 64' lang='grc' dir='ltr'>Κύπρις</span> <span class='ocrx_word' id='word_1_313' title='bbox 1912 2851 2163 2919; x_wconf 49' lang='lat' dir='ltr'>ventilem-x,</span> 
     </span>
     <span class='ocr_line' id='line_1_34' title="bbox 651 2945 2525 3012; baseline -0.001 -20"><span class='ocrx_word' id='word_1_314' title='bbox 651 2954 707 2992; x_wconf 89' lang='lat' dir='ltr'>ut</span> <span class='ocrx_word' id='word_1_315' title='bbox 741 2952 902 2990; x_wconf 88' lang='lat' dir='ltr'>notum</span> <span class='ocrx_word' id='word_1_316' title='bbox 935 2952 1006 2990; x_wconf 90' lang='lat' dir='ltr'>est</span> <span class='ocrx_word' id='word_1_317' title='bbox 1039 2951 1224 2992; x_wconf 87' lang='lat' dir='ltr'>Homeri</span> <span class='ocrx_word' id='word_1_318' title='bbox 1265 2949 1323 2991; x_wconf 90' lang='lat' dir='ltr'>Il.</span> <span class='ocrx_word' id='word_1_319' title='bbox 1360 2955 1424 2993; x_wconf 88' lang='grc' dir='ltr'>ΙΙ.</span> <span class='ocrx_word' id='word_1_320' title='bbox 1461 2948 1573 3007; x_wconf 79' lang='lat'><strong>269.</strong></span> <span class='ocrx_word' id='word_1_321' title='bbox 1609 2948 1791 3012; x_wconf 71' lang='grc' dir='ltr'><em>αξχρέἱον</em></span> <span class='ocrx_word' id='word_1_322' title='bbox 1824 2945 1946 3005; x_wconf 71' lang='grc' dir='ltr'>ι’δῶι,</span> <span class='ocrx_word' id='word_1_323' title='bbox 2001 2953 2062 2996; x_wconf 89' lang='lat' dir='ltr'>de</span> <span class='ocrx_word' id='word_1_324' title='bbox 2093 2951 2229 2995; x_wconf 87' lang='lat' dir='ltr'>vultu</span> <span class='ocrx_word' id='word_1_325' title='bbox 2270 2949 2525 3004; x_wconf 85' lang='lat' dir='ltr'>incondito,</span> 
     </span>
     <span class='ocr_line' id='line_1_35' title="bbox 653 3019 2523 3092; baseline 0.002 -22"><span class='ocrx_word' id='word_1_326' title='bbox 653 3026 836 3087; x_wconf 79' lang='lat' dir='ltr'>(Germ.</span> <span class='ocrx_word' id='word_1_327' title='bbox 868 3024 930 3070; x_wconf 78' lang='lat' dir='ltr'>ein</span> <span class='ocrx_word' id='word_1_328' title='bbox 956 3026 1224 3082; x_wconf 78' lang='lat' dir='ltr'>vergebliches</span> <span class='ocrx_word' id='word_1_329' title='bbox 1241 3019 1411 3073; x_wconf 84' lang='lat' dir='ltr'>Gesicht</span> <span class='ocrx_word' id='word_1_330' title='bbox 1432 3028 1622 3088; x_wconf 85' lang='lat' dir='ltr'>machen)</span> <span class='ocrx_word' id='word_1_331' title='bbox 1658 3033 1706 3074; x_wconf 91' lang='lat' dir='ltr'>et</span> <span class='ocrx_word' id='word_1_332' title='bbox 1737 3027 1939 3075; x_wconf 79' lang='lat' dir='ltr'>Theocr.</span> <span class='ocrx_word' id='word_1_333' title='bbox 1973 3030 2205 3076; x_wconf 69' lang='lat' dir='ltr'>xci-xxv.</span> <span class='ocrx_word' id='word_1_334' title='bbox 2225 3041 2306 3092; x_wconf 86' lang='lat'>72.</span> <span class='ocrx_word' id='word_1_335' title='bbox 2341 3024 2523 3089; x_wconf 66' lang='grc' dir='ltr'><em>α’χςᾶον</em></span> 
     </span>
    </p>
   </div>
  </div>
 </body>
</html>
